1000 1000
0 0 1000 31 Here begins what a scribe could not keep from writing, in
0 31 1000 62 the forty-third year of his life, in the year of Our Lord
0 62 1000 93 1457, in the city of Erfurt, without permission and without
0 93 1000 124 excuse.
0 124 1000 155 The current of belief is not mine. I want to say that first,
0 155 1000 186 before anything else, because everything that follows
0 186 1000 217 depends on understanding that I know this.
0 217 1000 248 I have been a scribe for thirty years. I have copied the
0 248 1000 279 Word as it passed through — Psalms, Gospels, the great
0 279 1000 310 commentators, the minor ones — and I understood early that
0 310 1000 341 my role in this was what a pebble's role is in a river. The
0 341 1000 372 current moves. The pebble does not direct it. The pebble is
0 372 1000 403 carried, shaped, worn smooth in the places the water finds,
0 403 1000 434 and this is not a small thing, to be shaped by what passes
0 434 1000 465 through you, but it is not the same as choosing.
0 465 1000 496 And yet.
0 496 1000 527 In the winter of 1435, the current moved through my
0 527 1000 558 particular hand in a way it has not moved before or since. I
0 558 1000 589 was alone at a desk with a damaged text and a question the
0 589 1000 620 text could not answer for itself, and something — I will not
0 620 1000 651 call it inspiration, that is not mine to claim — something
0 651 1000 682 arrived in the specific pressure of my fingers on the quill,
0 682 1000 713 in the particular quality of attention I had that morning,
0 713 1000 744 and I made a choice that was not mine to make, and the
0 744 1000 775 choice was right, and I have been doing penance for it ever
0 775 1000 806 since.
0 806 1000 837 I want to be honest about the penance. It is real. I do not
0 837 1000 868 perform it.
0 868 1000 899 I also want to be honest about the other thing, the thing
0 899 1000 930 beneath the penance, which I have not said to anyone and am
0 930 1000 961 now saying to You because You already know it and I am tired
0 961 1000 992 of carrying it alone:
