1000 1000
0 0 1000 55 of account can be misread, and because the Confessions
0 55 1000 110 themselves have been misread in this way, and Augustinus
0 110 1000 165 deserved better than that and so does Peter and so, with
0 165 1000 220 Your permission, do I. What I felt was something I do not
0 220 1000 275 have a clean word for. He was the closest I ever came to
0 275 1000 330 having a son. He was the closest I ever came to having a
0 330 1000 385 successor. He was the closest I ever came to believing that
0 385 1000 440 what I know will not die with me.
0 440 1000 495 You understand why I am saying was.
0 495 1000 550 He stayed six years. He learned everything I could teach him
0 550 1000 605 and some things I did not know I knew until he asked the
0 605 1000 660 question that made me find out. His script by his twentieth
0 660 1000 715 year was better than mine had been at thirty, which I noted
0 715 1000 770 in my records and told [—]. I told him he was gifted. I did
0 770 1000 825 not tell him how gifted, because I was afraid of what that
0 825 1000 880 knowledge would do to him. I think now that was wrong. I
0 880 1000 935 think I was protecting something that was mine, not
0 935 1000 990 something that was his.
