1000 1000
0 0 1000 31 — and so I went back a third time.
0 31 1000 62 I will tell you the first two visits quickly because they
0 62 1000 93 are not the story, they are only what the story required
0 93 1000 124 before it could happen.
0 124 1000 155 The first time I stood in the street outside and looked at
0 155 1000 186 the door for a while and then went to buy eggs. I am not
0 186 1000 217 proud of this. I bought eggs I did not need and walked home
0 217 1000 248 holding them and thought about the door.
0 248 1000 279 The second time I went in. I said I was a scholar with an
0 279 1000 310 interest in the technical process and the foreman, a broad
0 310 1000 341 Flemish man named Wilhelm, showed me the type cases and
0 341 1000 372 explained the matrix and the punch and I listened carefully
0 372 1000 403 and asked questions that were genuine because I am
0 403 1000 434 constitutionally unable to be incurious about how things are
0 434 1000 465 made, even things I would prefer did not exist. I stayed
0 465 1000 496 perhaps an hour. I left before they began a press run
0 496 1000 527 because I could see it coming and I was not ready.
0 527 1000 558 The third time — this time, the time I am writing about now,
0 558 1000 589 the time that made this folio necessary — I went because I
0 589 1000 620 had heard something I needed to disprove.
0 620 1000 651 I had heard from Brother Anselm, who had heard from the
0 651 1000 682 merchant Becker, who had apparently discussed it at some
0 682 1000 713 length over wine, that a Greek scholar was working with the
0 713 1000 744 Frankfurt printers. Not the Mainz workshop — a newer house,
0 744 1000 775 a man named Richter who had set up in Erfurt itself, two
0 775 1000 806 streets from the market, which is why I had been able to
0 806 1000 837 visit twice without half a day's travel. The Greek, Anselm
0 837 1000 868 said with the mild distaste he reserves for foreigners and
0 868 1000 899 unfamiliar cheeses, was advising on texts.
0 899 1000 930 Advising on texts.
0 930 1000 961 I knew who it was before Anselm finished the sentence. There
0 961 1000 992 is only one Greek scholar in Erfurt, and his name is
