1000 1000
0 0 1000 31 reach and reach and then arrive. It is one of the most
0 31 1000 62 beautiful passages in the book and one of the most
0 62 1000 93 dangerous, because it describes the period before
0 93 1000 124 Augustine's conversion with an honesty that made the Church
0 124 1000 155 uneasy for a thousand years and which is probably why
0 155 1000 186 Augustinus survived it: you cannot suppress a confession if
0 186 1000 217 the confessor is already the most venerated theologian in
0 217 1000 248 Christendom.
0 248 1000 279 I leaned close.
0 279 1000 310 I read the Latin in the set type, letter by reversed letter
0 310 1000 341 the way you learn to do, and I —
0 341 1000 372 The type read: fecisti nos ad te.
0 372 1000 403 You made us toward you.
0 403 1000 434 The standard text — the text I have copied fourteen times,
0 434 1000 465 the text I would copy from memory in my sleep, the text that
0 465 1000 496 is simply true — reads: fecisti nos ad te, et inquietum est
0 496 1000 527 cor nostrum donec requiescat in te.
0 527 1000 558 You made us for yourself, and our heart is restless until it
0 558 1000 589 rests in you.
0 589 1000 620 The compositor had set only the first clause. The forme
0 620 1000 651 contained only the first clause. The page I was reading,
0 651 1000 682 which would be reproduced five hundred times tomorrow, read:
0 682 1000 713 You made us toward you.
0 713 1000 744 And then the next sentence began.
0 744 1000 775 I stood there for long enough that Demetrios noticed.
0 775 1000 806 He came and stood beside me and read what I was reading and
0 806 1000 837 I watched him see it.
0 837 1000 868 He said: "It is a truncated edition. The canon summary takes
0 868 1000 899 precedence in the binding. The Augustine is supplementary.
0 899 1000 930 Richter chose a shorter excerpt."
0 930 1000 961 I said: "He cut the sentence."
0 961 1000 992 Demetrios said, carefully: "He cut the clause. The sentence
