1000 1000
0 0 1000 38 got out. The manuscripts did not, mostly. I find I care more
0 38 1000 76 about the manuscripts than about the theology of how they
0 76 1000 114 travel." He looked at his wine. "That may be a failing."
0 114 1000 152 He was quiet for a moment. Then he said: "That is a fair
0 152 1000 190 description of the history of the Church."
0 190 1000 228 I had no answer then either.
0 228 1000 266 I left before the press run began. Again. I told myself this
0 266 1000 304 time it was because I had heard what I came to hear.
0 304 1000 342 Walking home I thought about fecisti nos ad te. You made us
0 342 1000 380 toward you. Without the restlessness. Without the until. A
0 380 1000 418 statement that sounds almost the same and means something
0 418 1000 456 entirely different.
0 456 1000 494 I thought about the Eckhart commentary.
0 494 1000 532 I could not decide if that made what I did better or worse.
0 532 1000 570 I went home. I could not eat. I came here, to this desk, to
0 570 1000 608 these pages, to You.
0 608 1000 646 Here is what I want to ask You and cannot ask anyone else:
0 646 1000 684 If a man improves a text — if he makes it more true, more
0 684 1000 722 itself, more what it was always trying to be — and then a
0 722 1000 760 machine copies the lesser version into permanence, which one
0 760 1000 798 of them has committed the greater violence against the Word?
0 798 1000 836 I know the answer I am supposed to give.
0 836 1000 874 I know the answer I believe.
0 874 1000 912 They are not the same answer.
0 912 1000 950 They have not been the same answer for twenty-two years.
0 950 1000 988 I think it is time to tell you about the Eckhart commentary.
