1000 1000
0 0 1000 31 Erfurt in the winter of 1435, and then, with more
0 31 1000 62 difficulty, traced that copy to me.
0 62 1000 93 He was not writing to accuse me.
0 93 1000 124 He was writing because Richter's press had recently
0 124 1000 155 completed an edition of selected Eckhart sermons, and the
0 155 1000 186 compositor — working from a manuscript in the Strasbourg
0 186 1000 217 house's collection, which descended from mine — had set the
0 217 1000 248 twelfth sermon with the variant reading.
0 248 1000 279 Wirt.
0 279 1000 310 Becomes.
0 310 1000 341 He enclosed a single printed leaf. The relevant page. He
0 341 1000 372 said he thought I should know, as the reading's apparent
0 372 1000 403 origin, that it had now been committed to type in an edition
0 403 1000 434 of three hundred copies already distributed to houses in
0 434 1000 465 four cities, and that he personally found the reading
0 465 1000 496 theologically superior to the alternatives and intended to
0 496 1000 527 argue for its acceptance in the study he was preparing, and
0 527 1000 558 that if I had any documentation of my reasoning in selecting
0 558 1000 589 it he would be grateful to receive it.
0 589 1000 620 I held the leaf for a long time.
0 620 1000 651 The type was clean. The impression even. The word sat in the
0 651 1000 682 middle of Eckhart's sentence exactly where I had put it
0 682 1000 713 twenty-two years ago, wearing Eckhart's voice, surrounded by
0 713 1000 744 Eckhart's words, indistinguishable from the rest — as I had
0 744 1000 775 intended, as I had feared, as I had carried like a stone in
0 775 1000 806 my chest through two decades of Psalters and Gospels and one
0 806 1000 837 secret manuscript that I had been intending to burn since
0 837 1000 868 September and had not burned.
0 868 1000 899 Wirt.
0 899 1000 930 It looked, in type, exactly as it had looked in my hand.
0 930 1000 961 Which is to say: it looked like Eckhart. It looked like it
0 961 1000 992 had always been there. It looked like the truth, which is
