1000 1000
0 0 1000 31 is why this took twenty-two years to begin and four months
0 31 1000 62 to almost burn.
0 62 1000 93 I am not going to burn it.
0 93 1000 124 I want to say that plainly, without the circling. I have
0 124 1000 155 circled enough.
0 155 1000 186 I am going to put it here, between the Breviarium on my left
0 186 1000 217 and the old Lectionary on my right, where I found them when
0 217 1000 248 I came to this room and where they will remain when I leave
0 248 1000 279 it, and whoever comes after me will find it or not find it
0 279 1000 310 and read it or not read it and that is as much as I can do,
0 310 1000 341 that is the full extent of my transmission, which is also
0 341 1000 372 the full extent of any transmission, which is perhaps what I
0 372 1000 403 have been trying to understand this whole time.
0 403 1000 434 The press will print what the press prints.
0 434 1000 465 The scribes will copy what the scribes copy.
0 465 1000 496 And a man alone at a desk in the early hours will write what
0 496 1000 527 he needs to write, and hide it between two books, and go to
0 527 1000 558 Vespers, and come back the next morning, and pick up the
0 558 1000 589 pen.
0 589 1000 620 I want to write one more thing.
0 620 1000 651 I went to the workshop again this week. I did not tell
0 651 1000 682 Brother Anselm I was going anywhere. I simply went.
0 682 1000 713 They were running the Eckhart. I knew this because Demetrios
0 713 1000 744 had told me, in his precise way, the week before — not
0 744 1000 775 cruelty, information, he has never learned the difference, I
0 775 1000 806 have stopped expecting him to. I stood at the back of the
0 806 1000 837 workshop while the press ran and I watched the pages come
0 837 1000 868 off and I watched Hans stack them with the flat efficiency
0 868 1000 899 of a man for whom this is simply work, which it is, which is
0 899 1000 930 also what it has always been for me, the holiness and the
0 930 1000 961 work not separable, the work not diminished by the holiness
0 961 1000 992 and the holiness not diminished by the work.
