1000 1000
0 0 1000 38 One of the pages slipped from the stack. It fell face-up on
0 38 1000 76 the floor between Hans and the press.
0 76 1000 114 I picked it up.
0 114 1000 152 I read the passage.
0 152 1000 190 Wirt.
0 190 1000 228 My word in Eckhart's sentence, Eckhart's sentence in the
0 228 1000 266 press's type, the press's type on the page in my hand, the
0 266 1000 304 page in my hand that had been copied from a manuscript
0 304 1000 342 copied from my copy of a damaged original, the chain of
0 342 1000 380 transmission running back through twenty-two years of my
0 380 1000 418 private guilt to a winter morning in 1435 when a young man
0 418 1000 456 sat alone with a cracked vellum and a question and answered
0 456 1000 494 it, rightly or wrongly, with the full force of what he
0 494 1000 532 understood.
0 532 1000 570 I held the page.
0 570 1000 608 Then I handed it back to Hans, who added it to the stack
0 608 1000 646 without looking up.
0 646 1000 684 I walked home through the cold.
0 684 1000 722 I came here.
0 722 1000 760 I picked up the pen.
0 760 1000 798 As the deer longs for the water-brooks.
0 798 1000 836 So.
0 836 1000 874 Finis.
0 874 1000 912 Written in Erfurt, in the forty-third year of my life, in
0 912 1000 950 the year of Our Lord 1457, without permission, without
0 950 1000 988 excuse, and without, in the end, burning.
