1000 1000
0 0 1000 43 daz Wissen ist das, dem ich nachschreibe.
0 43 1000 86 Alles andere — die Druckerei, der Schüler, den ich
0 86 1000 129 verloren habe, die Augen, die mir feilen — das ist
0 129 1000 172 nun der Fluß, der sich mir selbst erkläret. Ich
0 172 1000 215 versuche zu verstehen, wozu ich gebraucht worden
0 215 1000 258 bin, ehe das Wasser ganz dahin fließet und ich dürre
0 258 1000 301 am Gestade liegen bleibe, welches kommet, welches
0 301 1000 344 vielleicht schon hie ist.
0 344 1000 387 Ich habe dir mein ganzes Leben lang geschrieben. Ich
0 387 1000 430 habe ditz nye geschriben.
0 430 1000 473 Ich wil anheben mit der neuen Kunst — die Presse,
0 473 1000 516 als man sie zu nennen anfenget. Nicht darum, daß sie
0 516 1000 559 das Ende der Geschichte ist, sondern darum, daß sie
0 559 1000 602 die Geschichte aufgerüttelt hat. Und darum, daß ich
0 602 1000 645 das schwerere Ding nicht geradewegs angehen kan. Ich
0 645 1000 688 bin ein Schreiber. Ich nahe mich von dem Rande und
0 688 1000 731 arbeite mich hinein.
0 731 1000 774 Es ist nu ein Maschine zu Mainz — eine Maschine, die
0 774 1000 817 in einem Tage das hervorbringet, das ich in vier
0 817 1000 860 Monaten hervorbring. Sie setzet Buchstaben in Metall
0 860 1000 903 und drucket sie auf das Blat mit einer Kraft, die
0 903 1000 946 ich in meinen Füssen gefühlet habe, da ich neben ihr
0 946 1000 989 stund. Ich bin neben ihr gestanden. Ich werde dir
