1000 1000
0 0 1000 76 englische Texte ins Frühneuhochdeutsche
0 76 1000 152 (Thüringischer Dialekt, circa 1457) zu übersetzen,
0 152 1000 228 gemäß deinen Anforderungen: - FNHD Orthographie mit
0 228 1000 304 Diphthongisierung im Übergangsstadium - Bewahrung
0 304 1000 380 der geistlichen, Ich-Perspektive eines
0 380 1000 456 Benediktiner-/Augustiner-Kanons - Konkrete,
0 456 1000 532 sinnliche Sprache ohne Latinisierung - Lateinische
0 532 1000 608 liturgische Begriffe (Lauds, Vespers, etc.) behalten
0 608 1000 684 Ich warte auf den englischen Text, den du übersetzen
0 684 1000 760 möchtest.
0 760 1000 836 Peter kam zu mir zuerst im Herbste seines
0 836 1000 912 vierzehnten Jahres. Diesen Teil kan ich schreiben
0 912 1000 988 ohn Schwierigkeit, wann ich habe ihn geschrieben vil
