1000 1000
0 0 1000 55 mal in meinem Sinne, auf die Weise, daß du
0 55 1000 110 wiederkehrst zu einem Orte, den du liebest, ehe er
0 110 1000 165 dir genommen wird, und merkest ihn dir wol.
0 165 1000 220 Er was klein für sein alter, dunckelharig, und er
0 220 1000 275 hielt sich mit einer stille, die ich erkante, weil
0 275 1000 330 ich sie in mir selbst in jenem alter gefühlet hatte
0 330 1000 385 — die stille eines menschen, des sele sich sehr
0 385 1000 440 schnelle in ihm bewegete und der gelernt hatte, sie
0 440 1000 495 verborgen zu halten. Sein vater was ein
0 495 1000 550 tuchhändeler. Der vater wolte, daß er briefe haben
0 550 1000 605 solte zu dem zweck der contracte und der
0 605 1000 660 schrifftung. Der vater was ein praktischer man.
0 660 1000 715 In dreien wochen erkante ich, daß Peter nicht solde
0 715 1000 770 [—] in dem tuche handeln. In dreien monaten erkante
0 770 1000 825 ich, daß er der beste schüler was, den ich ye
0 825 1000 880 geleret hette. By dem fruelinge hatte ich
0 880 1000 935 aufgehöret, mich selber als seinen meister in
0 935 1000 990 einiger bedeutlicher weise zu gedencken, und hatte
