1000 1000
0 0 1000 55 angefangen, mich selber als die person zu gedencken,
0 55 1000 110 die itzund zwischen ihm und dem, das er werden
0 110 1000 165 solde, stunde.
0 165 1000 220 I understand. I'm ready to translate English text
0 220 1000 275 into Frühneuhochdeutsch (Early New High German) in
0 275 1000 330 the Thuringian dialect circa 1457, following all the
0 330 1000 385 specifications you've outlined. Please provide the
0 385 1000 440 English text you'd like translated, and I'll deliver
0 440 1000 495 only the translated text without explanation or
0 495 1000 550 commentary. Ich wil, daß du sihest, daß ich
0 550 1000 605 vorsichtig bin.
0 605 1000 660 Ich habe Peter nicht geliebet, wie ein Mann einen
0 660 1000 715 Knaben nicht soll lieben. Ich will das klar gesaget
0 715 1000 770 haben, denn ich weiß wol, wie solche Berichte
0 770 1000 825 mißverstanden werden mögen, und denn die
0 825 1000 880 Bekenntnisse selbst sind also mißverstanden worden,
0 880 1000 935 und Augustinus hat bessers verdient denn das, und
0 935 1000 990 Peter auch, und ich auch, mit deiner Erlaubnis. Was
