1000 1000
0 0 1000 43 gewissen ist mir dunkel worden, und ich weiß nit, ob
0 43 1000 86 ich recht getan habe.
0 86 1000 129 Er stund auff. Er umbearmete mich eynmal, behende,
0 129 1000 172 wie die jungen gesellen sich umbearmeten, wenn sie
0 172 1000 215 sich vor dem furchten, das sie empfunden. Er verließ
0 215 1000 258 den garten.
0 258 1000 301 Ich bin lange Zeit auf dem Wege verharret. Ich
0 301 1000 344 gedachte an eine frage, die ich ihm nie gefraget
0 344 1000 387 habe und nu nymmer fragen würde: ob er in allen den
0 387 1000 430 jaren, da er das handwerck von mir gelernt hette, ye
0 430 1000 473 gefühlet hette, das ich gefühlet habe — Das
0 473 1000 516 Stille-werden, die besondere Stille, die kommet,
0 516 1000 559 wenn die Hand und das Wort und die Meinung ankommen
0 559 1000 602 zusammen in dem selben Augenblick, wenn du nicht
0 602 1000 645 abschreibest einen Text, sondern du wohnest darin,
0 645 1000 688 wenn die Langsamkeit ist nicht Hindernis sondern
0 688 1000 731 Sakrament.
0 731 1000 774 Ich weiß nicht, ob die Druckerei ihm das geben kan.
0 774 1000 817 Ich weiß nicht, ob er es bedarf.
0 817 1000 860 Ich weiß nicht, welche dieser Ungewißheiten die
0 860 1000 903 schwerere ist.
0 903 1000 946 Ich bin hie gesessen eine gute weil, on das ich
0 946 1000 989 geschriben hette.
