1000 1000
0 0 1000 43 # Frühneuhochdeutsch Translation Ich wil sagen etwas
0 43 1000 86 Wahres von dem, was es bedeutet, jemanden alles zu
0 86 1000 129 leren, das ich weiß. Es ist ein Ding, das dem Herzen
0 129 1000 172 wehe tut und zugleich es erfreuet. Wenn ich einem
0 172 1000 215 Jünger oder Schüler alle meine Künste und
0 215 1000 258 Wissenschaften mitteile, so gebe ich ihm nicht
0 258 1000 301 allein die Worte und die Lehren, sondern auch die
0 301 1000 344 Jahre meines Lebens, die ich in Mühe und Gebet
0 344 1000 387 aufgewendet habe. Es ist, als würde ich mein eigen
0 387 1000 430 Blut in seine Adern gießen. Und doch: wer alles
0 430 1000 473 gibt, der wird nicht ärmer, sondern reicher. Denn in
0 473 1000 516 dem Augenblick, da der Schüler verstehet und das
0 516 1000 559 Wissen in sich aufnimmet, wird es neu geboren. Es
0 559 1000 602 wächset über das hinaus, das ich allein hätte
0 602 1000 645 schaffen können. So wird aus meiner Gabe sein Werk,
0 645 1000 688 und aus seinem Werk wird wieder anderer Werk. Das
0 688 1000 731 ist die Wahrheit: zu leren geben ist zu sterben und
0 731 1000 774 wiederum zu leben in dem, der nach uns kommet. Ich
0 774 1000 817 wil es sagen, nit als ein traurigkeit, die sich in
0 817 1000 860 der gelehrten mantel des theologen kleidet. Nein, es
0 860 1000 903 ist ein schmertz, der mir in den knochen sitzt, wie
0 903 1000 946 kalter regen in der herbstzeit. Wenn ich in der
0 946 1000 989 frühe zu Laudes gehe, spüre ich ihn in meinen
