1000 1000
0 0 1000 43 gliedern. Es ist kein wort aus den büchern, das ich
0 43 1000 86 in der schreibstube abgeschrieben habe—es ist das
0 86 1000 129 ding selbst, das mir die brust beenget. Ich habe
0 129 1000 172 gesehen, wie die brüder sterben. Ich habe das wasser
0 172 1000 215 geholt, das kalte wasser aus dem brunnen, und ihre
0 215 1000 258 lippen waren wie blei. Das ist nit eine frage für
0 258 1000 301 die disputatio. Es ist das leben, das vergehet, und
0 301 1000 344 ich bin noch hier, und ich weiß nit warum. Ich wil
0 344 1000 387 es versuchen.
0 387 1000 430 Wann du einem manne dein wissen gebest, so beheltstu
0 430 1000 473 keinen abschrift davon. Das ist ungleich der
0 473 1000 516 Druckerei, die ein jegliche Copey behelt, welches
0 516 1000 559 vielleicht darum ist, daß die Druckerei nicht
0 559 1000 602 verstehet, was die Übertragung kostet. Ich habe
0 602 1000 645 Petrum geleret, und die lere hat etwas geleeret und
0 645 1000 688 etwas gefüllet, und ich bin [—] jar älter, und er
0 688 1000 731 ist gen Franckfort gangen, und der Psalter auf
0 731 1000 774 meinem tische ist fällig in sechs wochen, und meine
0 774 1000 817 augen, im morgenlicht, sind [—].
0 817 1000 860 Augustinus writes that You made us for Yourself. I
0 860 1000 903 have always read that as consolation. This morning I
0 903 1000 946 read it as diagnosis.
0 946 1000 989 — und also gieng ich zum dritten male widerumb.
