1000 1000
0 0 1000 43 Ich wil die ersten zwey besuchunge schnelle sagen,
0 43 1000 86 wann sie sind nicht die geschicht selber, sie sind
0 86 1000 129 allein das, das die geschicht vor sich haben must,
0 129 1000 172 ee sie geschehen kund.
0 172 1000 215 Zum ersten Male stund ich auf der gassen draußen und
0 215 1000 258 besach die türe eine weile lang und gieng darnach
0 258 1000 301 hin, daß ich eyer kauffte. Ich bin nicht hoffärtig
0 301 1000 344 darum. Ich kauffte eyer, die ich nicht bedorfte, und
0 344 1000 387 wanderte heim und hielt sie in meinen henden und
0 387 1000 430 gedachte der türe.
0 430 1000 473 Zum andern mal gieng ich hinein. Ich sprach, daß ich
0 473 1000 516 ein gelehrter man were mit neigung zu der handwercks
0 516 1000 559 kunst, und der meister, ein breiter Vlämischer man
0 559 1000 602 genant Wilhelm, zeigt mir die letternkästen und
0 602 1000 645 erklert mir die matrice und den punzen, und ich
0 645 1000 688 höret fleißig zu und fraget fragen die waren rechte
0 688 1000 731 fragen, denn ich kan von natur nicht laßen von
0 731 1000 774 neugirde, wie die dinge gemacht werden, auch die
0 774 1000 817 dinge die ich wolte daß sie nicht weren. Ich bleib
0 817 1000 860 vielleicht eine stunde. Ich gieng fort ehe sie
0 860 1000 903 anfiengen einen druck zu laufen, denn ich kund es
0 903 1000 946 kommen sehen und ich was nicht bereit.
0 946 1000 989 Zum dritten male — diesmal, die zeit die ich nu
