1000 1000
0 0 1000 43 Die Werkstatt war lauter, denn ich sie in meinem
0 43 1000 86 Gedächtnis behalten hatte. Eine Druckerei in vollem
0 86 1000 129 Werke — ich erfuhr hernach, daß sie zweihundert
0 129 1000 172 Exemplare eines Kanonrechtsummarium vollendeten, ein
0 172 1000 215 Text so dürre und geschäftlich, daß ich mich
0 215 1000 258 kurtzlich getröstet fühlte; gewiß war dies alles,
0 258 1000 301 wozu die Maschine taugte, rechtliche Summaria,
0 301 1000 344 Texte, die ihrer Namenlosigkeit würdig waren, Texte,
0 344 1000 387 die kein Schreiber je geliebet hatte — und der
0 387 1000 430 Schall war rhythmisch und schwer, der Arm der Presse
0 430 1000 473 sank herab und die Druckplatte schlug auf und das
0 473 1000 516 ganze Gebäude nahm den Stoß auf wie eine geschlagene
0 516 1000 559 Glocke, die nicht erklinget, sondern nur dicker
0 559 1000 602 wird.
0 602 1000 645 Wilhelm sahe mich vnd neicte das haupt, on alle
0 645 1000 688 verwunderung. Ich was, wie es schein, ein
0 688 1000 731 gewonlicher worden.
0 731 1000 774 Demetrios stund an eyme Setzrahmen neben der hindern
0 774 1000 817 Wand, neben eynem jungen Setzer, des Namen ich
0 817 1000 860 hernach erfuhr, daß er Hans hieß. Er selber setzet
0 860 1000 903 nicht mit eynen Henden. Er las aus eynem Manuskript
0 903 1000 946 — nicht sein eigen, sondern eyne Werckstatt-Kopie —
0 946 1000 989 und verglich es mit eyner Form, die Hans gesetzet
