1000 1000
0 0 1000 43 Letter gesetzet und bereit, die ganze Seite
0 43 1000 86 bestehend als ihr eigen klein Metallreich, ein jedes
0 86 1000 129 Wort bereits entschieden, wartend nur auf die
0 129 1000 172 Schwärze und den Druck, der es fünfhundert Male ohne
0 172 1000 215 Veränderung würde abdrucken, ohne die Einmischung
0 215 1000 258 eines einzigen menschlichen Urteils zwischen dem
0 258 1000 301 ersten Abdruck und dem letzten.
0 301 1000 344 Ich betrachtete es lange Zeit.
0 344 1000 387 Es was ein blat des heiligen Augustinus, in quo
0 387 1000 430 venerabilis doctor ecclesiae suae profundissimas
0 430 1000 473 cogitationes de natura animae et gratia divina
0 473 1000 516 exposuerat. Die schrift was alt und gebrechlich, die
0 516 1000 559 tinte verblasset zu einem matter braun, doch noch
0 559 1000 602 leslich für einen, der mit gedult und andacht sich
0 602 1000 645 darüber neigete. Quanta reverentia, quanta
0 645 1000 688 humilitate oportet accedere ad talia scripta, quae
0 688 1000 731 ab uno ex patribus nostris sanctissimis conscripta
0 731 1000 774 sunt! Ich hielt das blat mit zitternden henden, denn
0 774 1000 817 ich wuste wol, daß ich unwürdig was, solche worte zu
0 817 1000 860 berüren. Sed gratia Dei, quae omnia vincit et omnes
0 860 1000 903 homines ad se vocat, mihi etiam peccatori viam
0 903 1000 946 aperuit ad intelligentiam. Die worte leuchteten mir
0 946 1000 989 auf wie ein licht in der finsternis meiner
