1000 1000
0 0 1000 43 mir meine Sünden. Mache mich demütig und gehorsam.
0 43 1000 86 Stärke meinen Willen, daß ich die Regel halte und
0 86 1000 129 dir treu diene bis an mein Ende. Das dritte Buch.
0 129 1000 172 Ich kante die Stelle ane das Lesen: Ich habe sie
0 172 1000 215 zweimal mit meiner eigenen Hand geschrieben, ich
0 215 1000 258 weiß, wo die Zeilen auf der Seite brechen, ich weiß
0 258 1000 301 um die besondere Art des Lateins in diesem Stück,
0 301 1000 344 die Weise, wie die Sätze greifen und greifen und
0 344 1000 387 dann ankommen. Unum est ex pulcherrimis locis in
0 387 1000 430 libro et unum ex periculosissimis, quia describit
0 430 1000 473 tempus ante conversionem Augustini cum honestate
0 473 1000 516 quae Ecclesiam inquietavit per mille annos et quae
0 516 1000 559 probabiliter causa est cur Augustinus eam superavit:
0 559 1000 602 non potes confessionem supprimere si confessor iam
0 602 1000 645 est theologus veneratissimus in Christianitate.
0 645 1000 688 Ich neigete mich nahe heran.
0 688 1000 731 Ich las die lateinischen Buchstaben in der gesetzten
0 731 1000 774 Schrift, Buchstabe für Buchstabe rückwerts, wie man
0 774 1000 817 es lernen muß, und ich — *Sed cum animam meam ad
0 817 1000 860 illud studium convertissem, quomodo verba sancta in
0 860 1000 903 ordine inverso posita intelligere poteram, cum ratio
0 903 1000 946 humana in tenebris laboraret —* ich empfand ein
0 946 1000 989 seltsam Brennen in der Brust, als wären die Worte
