1000 1000
0 0 1000 43 nicht mehr Worte, sondern lebendige Dinge, die sich
0 43 1000 86 wider mein Verstehen wendeten. Die Tinte schien zu
0 86 1000 129 glänzen wie Feuer auf dem Pergament. *Tunc intellexi
0 129 1000 172 quod Deus, qui omnia in sapientia sua disposuit,
0 172 1000 215 etiam in inversione litterarum suam voluntatem
0 215 1000 258 manifestare potest.* Und ich —
0 258 1000 301 The type read: fecisti nos ad te.
0 301 1000 344 Fecisti nos ad te.
0 344 1000 387 Textus canonicus — textus quem quattuordecim vicibus
0 387 1000 430 transcripsi, textus quem ex memoria in somno
0 430 1000 473 transcriberem, textus qui simpliciter verus est —
0 473 1000 516 sic legit: fecisti nos ad te, et inquietum est cor
0 516 1000 559 nostrum donec requiescat in te.
0 559 1000 602 Fecisti nos ad te, et inquietum est cor nostrum
0 602 1000 645 donec requiescat in te.
0 645 1000 688 Der Setzer hatte nur die erste Clausel gesetzet. Die
0 688 1000 731 Form enthielt nur die erste Clausel. Die Seite, die
0 731 1000 774 ich las, welche morgen fünfhundert mal
0 774 1000 817 vervielfältiget würde, las sich also:
0 817 1000 860 Fecisti nos ad te.
0 860 1000 903 Und darnach hub sich der nächste satz an.
0 903 1000 946 Ich stund daselbst so lange, daß Demetrios es gewahr
0 946 1000 989 ward.
