1000 1000
0 0 1000 58 eingefüget. Ob er aber völlich bedacht hat, was er
0 58 1000 116 hat außgelassen — das ist ein ander frage."
0 116 1000 174 Es ist die einige Frage.
0 174 1000 232 Er gos danne wein aus, von irgent woher, wie die
0 232 1000 290 männer in den werckstetten allewege wein zu haben
0 290 1000 348 pflegen, und wir stunden zusammen bei dem fenster,
0 348 1000 406 das auf die gasse siehet. Er sprach danne etwas, das
0 406 1000 464 ich seitdem immer und immer wider in meinem sinne
0 464 1000 522 wende — oder ich habe in es sagen gemacht, welches
0 522 1000 580 das gedechtnisse mit den menschen tuet, die wir
0 580 1000 638 nicht lassen können zu bestreiten, und ich weiss nun
0 638 1000 696 nicht mehr, welche teil sein sind und welche teil
0 696 1000 754 ich in den wochen des wiederholens hinzu getan habe.
0 754 1000 812 Ich werde es schreiben, wie es in meinem
0 812 1000 870 gedechtnisse stehet, und Ir möget die nehe richten.
0 870 1000 928 Er sprach: „Du verstehest, daß ditz geschehen
0 928 1000 986 wirdet. Nicht die Verstümmelung — die Verstümmelung
