1000 1000
0 0 1000 58 Städten tun." Er pausierte. „Ich wolte, es were zu
0 58 1000 116 vil Abschriften zu verbrennen. Das ist meine
0 116 1000 174 Theologie."
0 174 1000 232 Ich hatte keine Antwort.
0 232 1000 290 Ich han darnach gesucht seitdem.
0 290 1000 348 Darnach bei Hartmann — Demetrios sagte mir's, über
0 348 1000 406 dem Wein, in seiner genauen Weise — er sprach: "Die
0 406 1000 464 Verdammnis der Kirchen bestehet darum, eben darum.
0 464 1000 522 Nicht daß Eckhart unrecht hette. Sondern daß die
0 522 1000 580 Überlieferung ungeregieret was. Ein jeglicher
0 580 1000 638 Schreiber ein Theologe. Ein jegliches Skriptorium
0 638 1000 696 ein Concilium. Die Druckerei machet dem ein Ende.
0 696 1000 754 Ein einig authorisiert Exemplar. Ein einig Text. Die
0 754 1000 812 Gelehrten streiten über das Exemplar, nicht über
0 812 1000 870 das, was ein Mönch zu Erfurt an einem Dienstag
0 870 1000 928 beschlossen hette."
0 928 1000 986 Und ob die authoritative Ausgabe unrecht ist?
