1000 1000
0 0 1000 58 Er sprach: „Du weißt, wer dir gantz und gar
0 58 1000 116 beystimmen würde? Die Schreiber des Ismaelischen
0 116 1000 174 Glaubens. Ich hatte einen Gesellen in Konstantinopel
0 174 1000 232 — ein Gelehrter aus Kairo, ein Mann genant Ibrahim,
0 232 1000 290 der war daselbst und studierte unsere Handschriften,
0 290 1000 348 wie wir die seinen studirten. Er zeigte mir einmal
0 348 1000 406 ein Blat seiner eigenen Hand — ein Stück aus dem
0 406 1000 464 Alkoran — und erklärte mir, daß in seiner Sitte der
0 464 1000 522 Schreiber nicht allein das Wort abschreibet, sondern
0 522 1000 580 er nimmet teil an seiner Überlieferung auf eine
0 580 1000 638 Weise, die selbst heilig ist. Daß der Buchstab,
0 638 1000 696 geformet von einer geübten und frommen Hand, etwas
0 696 1000 754 traget, das der Buchstab, gedrucket von einem
0 754 1000 812 Metallblock, nicht tragen kan. Daß die Hand teil der
0 812 1000 870 Bedeutung ist." Er machte Stille. „Die Männer, die
0 870 1000 928 meine Stadt nahmen, werden den Alkoran nicht auf
0 928 1000 986 einer Druckerpresse drucken. Nicht für viele Jahre,
