1000 1000
0 0 1000 58 cuius manu posita est voluntas mea, quid est quod in
0 58 1000 116 pectore meo ardet et loqui non audeo? Die Angst
0 116 1000 174 sitzt mir in den Knochen wie ein kalter Stein, und
0 174 1000 232 ich weiß nicht, ob es Sünde ist oder nur die
0 232 1000 290 Schwachheit des Fleisches. Cur, Deus meus, permittis
0 290 1000 348 ut cor meum sic dividatur? Ich bin zerrissen
0 348 1000 406 zwischen dem, das ich sein soll, und dem, das ich
0 406 1000 464 bin. Der Habit liegt schwer auf meinen Schultern,
0 464 1000 522 und die Worte des Gelübdes—sie sind wie Ketten, die
0 522 1000 580 ich selbst angelegt habe. Vide me, qui sum infirmus
0 580 1000 638 et timidus. Mein Bruder sieht mich nicht so. Der
0 638 1000 696 Prior sieht mich nicht so. Nur du kennest die
0 696 1000 754 Wahrheit meiner Seele, und darum schreie ich zu dir
0 754 1000 812 in dieser Finsternis. Numquid peccatum est, quod
0 812 1000 870 desidero aliquid quod mihi vetatum est? Oder ist es
0 870 1000 928 nur die menschliche Natur, die sich gegen die
0 928 1000 986 Ordnung aufbäumt, die ich gelobt habe zu halten? Ich
