1000 1000
0 0 1000 58 Thuringian dialect circa 1457, following all the
0 58 1000 116 specifications you've outlined. However, I don't see
0 116 1000 174 the English text you'd like me to translate in your
0 174 1000 232 message. Could you please provide the English source
0 232 1000 290 text?
0 290 1000 348 Sie haben nicht dieselbe antwort gewesen in
0 348 1000 406 zweiundzweinzig jaren.
0 406 1000 464 Ich halte es für die Zeit, daß ich euch von dem
0 464 1000 522 Eckhart-Kommentar berichte.
0 522 1000 580 In dem winter des jares tusent vierhundert fünf und
0 580 1000 638 dreissig ward mir ein werck aufgetragen, das ich
0 638 1000 696 alsbald erkante für das wichtigste werck meines
0 696 1000 754 lebens bißher.
0 754 1000 812 Ein Chanon zu Cöln — ich wil sinen Namen nit
0 812 1000 870 schreiben, er ist nu tod, aber er hat lebende Söne —
0 870 1000 928 der hette sich ein Hanndschrift von Meister Eckharts
0 928 1000 986 deudschen Predigten erworben und wolte ein schöne
