1000 1000
0 0 1000 58 scripserat vel praedicaverat de relatione animae ad
0 58 1000 116 Deum: quod in intimissimo suo fundamento anima a Deo
0 116 1000 174 non sit separata, quod scintilla animae sit
0 174 1000 232 increata, quod in profundissimo contemplationis actu
0 232 1000 290 distinctio inter animam et Deum fiat — Verbum
0 290 1000 348 Eckhardi, non meum — I am ready to translate English
0 348 1000 406 text into Frühneuhochdeutsch (Early New High German)
0 406 1000 464 in the Thuringian dialect circa 1457, following the
0 464 1000 522 specifications you have outlined. However, you have
0 522 1000 580 not provided any English text for me to translate.
0 580 1000 638 Please provide the English text you would like me to
0 638 1000 696 translate, and I will render it in the appropriate
0 696 1000 754 FNHD form with the scholarly conventions you have
0 754 1000 812 specified.
0 812 1000 870 Die Kirche sprach: das ist Ketzerei. Die Seele
0 870 1000 928 wirdet geschaffen. Gott ist ungeschaffen. Der
0 928 1000 986 abstand zwischen inen ist gantz und gar
