1000 1000
0 0 1000 58 warheit.
0 58 1000 116 Wann ein Pergament alt ist und beschädigt, so
0 116 1000 174 kopierest du nicht einfältiglich, das du sehen
0 174 1000 232 magst. Du machest es wider zurecht. Du kennest die
0 232 1000 290 sprache, die gedancken des schreibers, wie er
0 290 1000 348 gewohnet ist zu denken, die geistliche lere, darin
0 348 1000 406 er werket, die grammaticalischen forme, die er
0 406 1000 464 liebet. Wann ein wort teilweise verdecket ist, so
0 464 1000 522 schreibestu nicht ledig — du bedenckestu, welch wort
0 522 1000 580 billich in den raum möchte stehen, und du
0 580 1000 638 schreibestu die lesunge, die dir am
0 638 1000 696 wahrscheinlichsten duncket, und du merckestu die
0 696 1000 754 ungewisheit, ob du fleissig bist, und manchmal
0 754 1000 812 merckestu sie nicht, ob du jung bist, oder ob du
0 812 1000 870 eilen wilt, ehe das liecht entfället.
0 870 1000 928 Das ist, was ein jeglicher Schreiber tut. Das ist,
0 928 1000 986 was das Handwerk erfordert.
