1000 1000
0 0 1000 58 diesen Text bereitzustellen.
0 58 1000 116 Ich saß bey den drey worten einen ganzen tag. Ich
0 116 1000 174 betete, welches ich dir nicht sage, damit ich heilig
0 174 1000 232 scheine, sondern weil es war und weil es nicht half,
0 232 1000 290 welches auch war.
0 290 1000 348 I'm ready to translate English text into
0 348 1000 406 Frühneuhochdeutsch (Early New High German) in the
0 406 1000 464 Thuringian dialect circa 1457, following your
0 464 1000 522 specifications. However, your message appears
0 522 1000 580 incomplete. You've written "Is —" but haven't
0 580 1000 638 provided the English text you'd like me to
0 638 1000 696 translate. Please provide the full English text you
0 696 1000 754 wish translated, and I will deliver only the FNHD
0 754 1000 812 translation without commentary. ketzerisch,
0 812 1000 870 verdammet, der grund, daß dise handschrift verborgen
0 870 1000 928 wart. I am ready to receive the English text for
0 928 1000 986 translation into Frühneuhochdeutsch (Early New High
