1000 1000
0 0 1000 58 theologicum cuiusdam scribae, qui uiginti et unus
0 58 1000 116 annos natus est, quod in uoce Eckhart profertur, per
0 116 1000 174 mundum peregrinantis in nomine Eckhart.
0 174 1000 232 Und das Gericht mag recht sein. Das ist das Ding,
0 232 1000 290 das ich nicht überwinden kan. Legi omnia quae
0 290 1000 348 Eckhart scripsit quae invenire potui, et credo quod
0 348 1000 406 fit est id quod ipse significare voluit. Credo quod
0 406 1000 464 planum erat sive proprium eius excessus sive error
0 464 1000 522 antiquior a librario factus esset, et quod fit
0 522 1000 580 restituit id quod ipse intenderat. Credo quod
0 580 1000 638 studiosus diligens qui omnes codices contulisset
0 638 1000 696 tandem ad id quod ipse perveni pervenisset.
0 696 1000 754 Ich glaube dis. Und ich weiß auch, daß es nicht
0 754 1000 812 darauf ankompt, was ich glaube, denn ich habe nicht
0 812 1000 870 die Gewalt, das zu bestimmen, denn niemand hat mir
0 870 1000 928 die Gewalt gegeben, denn ich habe sie mir genommen,
0 928 1000 986 denn ich saß allein an einem Tische mit einem
