1000 1000
0 0 1000 58 gantz stille sitzen und warten, was ich empfinde.
0 58 1000 116 Hette es eyne Druckerei in dem Jare 1435 geben, so
0 116 1000 174 hette ich nicht mugen thun, das ich getan habe.
0 174 1000 232 Die Druckerei machet nicht wider zurecht. Die
0 232 1000 290 Druckerei sittet nicht mit dreien möglichen Worten
0 290 1000 348 und wählet das, welches sie für wahr hält. Die
0 348 1000 406 Druckerei setzet den Text, wie er gegeben ist, und
0 406 1000 464 verfertiget ihn genau, den Riß und alles, alle
0 464 1000 522 Zweideutigkeit bewahret, das beschädigte Verbum
0 522 1000 580 fahrend vorwärts in seiner redlichen Unlesbarkeit
0 580 1000 638 für die Gelehrten, daß sie darüber streiten mögen,
0 638 1000 696 denn daß ein junger Schreiber in seiner Zelle es
0 696 1000 754 still auflöset.
0 754 1000 812 Mein Sünde erforderte die Handschriftentradition. Es
0 812 1000 870 bedorfte der langen, langsamen, menschlichen Kette
0 870 1000 928 von Hütern, da ein iglich Glied ein Mensch ist mit
0 928 1000 986 Urteil und Mangel und der Macht, zu irren. Die
