1000 1000
0 0 1000 58 instructions for translating medieval German text,
0 58 1000 116 but your actual request—"A word with the body in
0 116 1000 174 it"—isn't a complete English text to translate.
0 174 1000 232 Could you please provide: 1. The full English text
0 232 1000 290 you'd like translated into Frühneuhochdeutsch (circa
0 290 1000 348 1457, Thuringian dialect) 2. Confirmation that this
0 348 1000 406 text should maintain the confessional, first-person
0 406 1000 464 voice of a Benedictine/Augustinian canon Once you
0 464 1000 522 provide the source material, I'll deliver the
0 522 1000 580 translation according to your specifications. Nit
0 580 1000 638 quaerit, suchet. Nit liebet, liebet. Desiderat, quod
0 638 1000 696 est verbum famis quae etiam directio est, cupiditas
0 696 1000 754 quae scit ubi res cupita sita sit sed illuc
0 754 1000 812 pervenire nequit, nequit pervenire, semper in loco
0 812 1000 870 nondum est.
0 870 1000 928 Inquietum est cor nostrum donec requiescat in te.
0 928 1000 986 Ich setzete die feder ein wenig nider.
