1000 1000
0 0 1000 58 habe allezit geformet. Ich bin mir bewust, das ich
0 58 1000 116 in forme. Ich bin mir bewust der bewustheit, welche
0 116 1000 174 newe ist, oder nicht newe, aber newlich lebhaftig —
0 174 1000 232 auf die weise, das du wirst gewahr deines eigenen
0 232 1000 290 athemens, wenn dir einer saget, das athemen wirdet
0 290 1000 348 welhaftig.
0 348 1000 406 The deer longs for the water-brooks.
0 406 1000 464 Ich tunke die feder.
0 464 1000 522 Sic desiderat anima mea ad te, Deus
0 522 1000 580 Also verlanget meine Seele nach dir, O Gott.
0 580 1000 638 Eilfmal hab ich daz wort geschriben, und heut in der
0 638 1000 696 frühe ist ez nicht mer daz wort, das ich schreibe.
0 696 1000 754 Es ist ein Satz, den ich mache, auf die Weise, wie
0 754 1000 812 man etwas macht, wenn man endlich verstehet, wozu es
0 812 1000 870 ist, wenn die Jahre des Handhabens zusammenfallen in
0 870 1000 928 einen einigen Augenblick der Verständnis und die
0 928 1000 986 Verständnis ist nicht Trost, aber ist doch
