1000 1000
0 0 1000 58 durchstreichen vnd das durchstreichen ist auch war.
0 58 1000 116 Becker kam gestern, daß er den Fortgang besahe.
0 116 1000 174 Er ist ein guter man, von der art, die manchmal
0 174 1000 232 schwerer zu handeln ist denn ein böser — wahrhaftig
0 232 1000 290 gütig, wahrhaftig dankbar, ohne die fähigkeit zu der
0 290 1000 348 rede, die ich mit ihm haben müste. Er besach die
0 348 1000 406 vollendeten blätter mit dem angesicht, das männer
0 406 1000 464 tragen, wenn sie von etwas gerühret werden, das sie
0 464 1000 522 nicht worten haben. Und er sprach, es wäre sehr
0 522 1000 580 schön, und er meinte es wahrhaftig, und darnach
0 580 1000 638 sprach er, sein vetter zu Franckfurt hätte ihm
0 638 1000 696 gesaget, man könne nun ein gedruckt Buch der Horen
0 696 1000 754 bekommen für weniger denn die kosten des pergamens
0 754 1000 812 allein, und er lachte auf eine weise, die nicht
0 812 1000 870 behaglich war.
0 870 1000 928 Ich sprach, daß das Pergamen in seinem Psalter
0 928 1000 986 baierisch Kalbfell wäre, gar fein, ich hätte es
