1000 1000
0 0 1000 58 die rechte Antwort.
0 58 1000 116 Sein Sohn was daselbs. Acht Jar alt, klein von
0 116 1000 174 Wuchse, und sach seines Vaters Antlitz an, daz er
0 174 1000 232 wisse, was er empfinden solte.
0 232 1000 290 Ich gedachte an Petrum.
0 290 1000 348 Ich nam Beckers Gelt an und gieng heim durch den
0 348 1000 406 Markt, und die Luft was sere kalt, und ich kund mein
0 406 1000 464 Atem sehen, und ich gedacht: Ich hab ein Ding
0 464 1000 522 gemacht, das wird mich uberdauren. Ich hab solch
0 522 1000 580 Gedancken vorhin gehabt, nach andern Werken, aber
0 580 1000 638 diesmal trug der Gedancke ein ander Gewicht. Nicht
0 638 1000 696 swerer. Mer besunder. Dieses besunder Ding wird
0 696 1000 754 diesen besunder mich uberdauren. Als het ich endlich
0 754 1000 812 verstanden, daß die Rede allzeit persönlich gewesen
0 812 1000 870 ist, und ich het sie verkert gehöret.
0 870 1000 928 Der brief auß Straßburg kam eilf tage darnach.
0 928 1000 986 Es war von einem Canonicus ausz dem Augustiner-Stift
