1000 1000
0 0 1000 58 daselbst — ein Mann genant Vater Ulrich, den ich
0 58 1000 116 nicht kenne, der meinen Namen durch eine Kette von
0 116 1000 174 Briefwechsel, die ich nicht völlig widder
0 174 1000 232 zusammenbringen kan, erfahren hatte. Er schreib von
0 232 1000 290 Eckhart. Er hatte ein Studium der
0 290 1000 348 Predigten-Tradition zusammengetragen und hatte eine
0 348 1000 406 abweichende Lesart in der zwölften Predigt bemerket,
0 406 1000 464 die sich in etlichen Handschriften zeigete, die von
0 464 1000 522 einer gemeinen Quelle abstammeten, und hatte jene
0 522 1000 580 Quelle, mit etlicher Mühe, zu einer Abschrift
0 580 1000 638 gefunden, die zu Erfurt im Winter des Jahrs 1435
0 638 1000 696 gemacht worden war, und hatte dann, mit noch mehr
0 696 1000 754 Mühe, jene Abschrift zu mir selbst zurück verfolget.
0 754 1000 812 Er schreib mir nit zu verklagen.
0 812 1000 870 Er schreib darumb, das Richters Druckerei neuwlich
0 870 1000 928 ein Auswahl von Eckhart Predigten vollendet hette,
0 928 1000 986 und der Setzer — der aus einer Handschrift werckete,
