1000 1000
0 0 1000 58 der methode were, on acht ob ez ein fehler in dem
0 58 1000 116 urteile were oder nicht.
0 116 1000 174 Ich sagte im, daß mich freute, daß die Lesung
0 174 1000 232 erhalten blieben was. Ich sagte im, daß mich freute,
0 232 1000 290 daß sie nu in Druck gegangen was, da sie möchte
0 290 1000 348 untersucht werden, bestritten und gehadert werden
0 348 1000 406 von Männern, die mehr Gewalt und Autorität hatten,
0 406 1000 464 dann ich ie gehabt hette.
0 464 1000 522 Ich sagte im zu, daß ich nicht auf einfältige weise
0 522 1000 580 frolich was. Ich sagte im das darumb, weil es mir
0 580 1000 638 wichtig schien, daß ich genaw und recht in meinen
0 638 1000 696 worten sein solte.
0 696 1000 754 Er hat noch nicht geschriben wider. Vielleicht wird
0 754 1000 812 er es auch nicht thun. Ich befinde mich, daß mir
0 812 1000 870 beyde Außgänge gleich sind, welches selbst mir
0 870 1000 928 duncket wie eine Art Entschließung, oder doch das
0 928 1000 986 nächste, das ich in der Zeit, die mir noch bleibet,
