1000 1000
0 0 1000 58 Nit wichtig in der weyse, wie die dinge, die ich
0 58 1000 116 mein leben lang geschriben habe, wichtig seyn. Aber
0 116 1000 174 guot in der weyse, das ein dinck guot ist, wenn es
0 174 1000 232 die waerste gestalt seiner selben ist, wenn der man,
0 232 1000 290 der es gemachet hat, ganczlich gegenwertig was in
0 290 1000 348 dem machen, wenn nichts zuruckgehalten ward noch
0 348 1000 406 gespielet noch geformet fur ein zuhoerschaft, die
0 406 1000 464 daselbst nicht was.
0 464 1000 522 Ich hab ditz vor dir gemacht. Und ich finde, es
0 522 1000 580 widerlesend, daß ich es auch gemachet habe für wer
0 580 1000 638 es findet, welches bedeutet, daß ich es gemachet
0 638 1000 696 habe für jemand, welches bedeutet, daß es nie gantz
0 696 1000 754 privat gewesen ist, welches bedeutet, daß der
0 754 1000 812 Hochmut, den ich fürchtete, von Anfang an da war und
0 812 1000 870 ich wuste es und schreib dennoch, und ich gedenke —
0 870 1000 928 Ich hab mich des gedancken viel wochen lang
0 928 1000 986 befleißen, vnd bin also dahin gelanget — Ich
