1000 1000
0 0 1000 58 und da sie bleiben werden, wenn ich sie verlasse,
0 58 1000 116 und wer nach mir kommet, der wird es finden oder
0 116 1000 174 nicht finden und es lesen oder nicht lesen, und das
0 174 1000 232 ist so viel, als ich vermag zu tun, das ist die
0 232 1000 290 ganze Spanne meiner Überlieferung, welche auch die
0 290 1000 348 ganze Spanne aller Überlieferung ist, welche
0 348 1000 406 vielleicht das ist, das ich die ganze Zeit zu
0 406 1000 464 verstehen gesucht habe.
0 464 1000 522 Die Druckerei wird drucken, was die Druckerei
0 522 1000 580 drucket.
0 580 1000 638 Die Schreiber werden abschreiben, was die Schreiber
0 638 1000 696 abschreiben.
0 696 1000 754 Und ein man allein an dem tische in den frühen
0 754 1000 812 stunden wird schreiben, das er schreiben muß, und
0 812 1000 870 verbergen es zwischen zweien büchern, und gehen zu
0 870 1000 928 Vespers, und widerkomen des morgens, und aufheben
0 928 1000 986 die feder.
