1000 1000
0 0 1000 58 abgeschrieben von meinem Abschrift eines
0 58 1000 116 beschädigten Originals, die Kette der Überlieferung
0 116 1000 174 laufend zurück durch zweiundzwanzig Jahre meiner
0 174 1000 232 eigenen Schuld zu einem Wintermorgen im Jahre
0 232 1000 290 vierzehnhundertfünfunddreißig, da ein junger Mann
0 290 1000 348 saß allein mit einem gesprungenen Pergament und
0 348 1000 406 einer Frage und antwortete sie, recht oder unrecht,
0 406 1000 464 mit der ganzen Kraft dessen, das er verstand.
0 464 1000 522 Ich hielt die Seite.
0 522 1000 580 Do ich es dem Hansen widergab, der legte es zu dem
0 580 1000 638 Stoße, on daß er aufschaute.
0 638 1000 696 Ich bin durch die Kälte heimwerts gangen.
0 696 1000 754 Ich bin hie kommen.
0 754 1000 812 Ich nam die feder auff.
0 812 1000 870 As the deer longs for the water-brooks.
0 870 1000 928 I am ready to receive the English text for
0 928 1000 986 translation into Frühneuhochdeutsch (Thuringian
