1000 1000
0 0 1000 43 Here begins what a scribe could not keep from
0 43 1000 86 writing, in the forty-third year of his life, in the
0 86 1000 129 year of Our Lord 1457, in the city of Erfurt,
0 129 1000 172 without permission and without excuse.
0 172 1000 215 The current of belief is not mine. I want to say
0 215 1000 258 that first, before anything else, because everything
0 258 1000 301 that follows depends on understanding that I know
0 301 1000 344 this.
0 344 1000 387 I have been a scribe for thirty years. I have copied
0 387 1000 430 the Word as it passed through — Psalms, Gospels, the
0 430 1000 473 great commentators, the minor ones — and I
0 473 1000 516 understood early that my role in this was what a
0 516 1000 559 pebble's role is in a river. The current moves. The
0 559 1000 602 pebble does not direct it. The pebble is carried,
0 602 1000 645 shaped, worn smooth in the places the water finds,
0 645 1000 688 and this is not a small thing, to be shaped by what
0 688 1000 731 passes through you, but it is not the same as
0 731 1000 774 choosing.
0 774 1000 817 And yet.
0 817 1000 860 In the winter of 1435, the current moved through my
0 860 1000 903 particular hand in a way it has not moved before or
0 903 1000 946 since. I was alone at a desk with a damaged text and
0 946 1000 989 a question the text could not answer for itself, and
