1000 1000
0 0 1000 43 something — I will not call it inspiration, that is
0 43 1000 86 not mine to claim — something arrived in the
0 86 1000 129 specific pressure of my fingers on the quill, in the
0 129 1000 172 particular quality of attention I had that morning,
0 172 1000 215 and I made a choice that was not mine to make, and
0 215 1000 258 the choice was right, and I have been doing penance
0 258 1000 301 for it ever since.
0 301 1000 344 I want to be honest about the penance. It is real. I
0 344 1000 387 do not perform it.
0 387 1000 430 I also want to be honest about the other thing, the
0 430 1000 473 thing beneath the penance, which I have not said to
0 473 1000 516 anyone and am now saying to You because You already
0 516 1000 559 know it and I am tired of carrying it alone:
0 559 1000 602 I am glad it was my hand.
0 602 1000 645 Not proud. I want that distinction to be clear,
0 645 1000 688 though I am aware it may not survive scrutiny. The
0 688 1000 731 gladness is not in the having done it. It is in the
0 731 1000 774 having been — for one morning, in one cold room,
0 774 1000 817 with one cracked manuscript — the place where the
0 817 1000 860 current needed to go. A pebble does not boast of the
0 860 1000 903 water that moved through it. But a pebble might, in
0 903 1000 946 its silence, know what it carried. And that knowing
0 946 1000 989 is what I am trying to write toward.
