1000 1000
0 0 1000 43 a person whose soul was moving very fast within him
0 43 1000 86 and who had learned to keep it hidden. His father
0 86 1000 129 was a cloth merchant. The father wanted him to have
0 129 1000 172 letters for the purpose of contracts and
0 172 1000 215 correspondence. The father was a practical man.
0 215 1000 258 Within three weeks I knew that Peter was not going
0 258 1000 301 to be [—] the cloth trade. Within three months I
0 301 1000 344 knew he was the finest student I had ever taught. By
0 344 1000 387 spring I had stopped thinking of myself as his
0 387 1000 430 teacher in any meaningful sense and begun thinking
0 430 1000 473 of myself as the person who was currently standing
0 473 1000 516 between him and what he was going to become.
0 516 1000 559 I want to be careful here. I want You to see that I
0 559 1000 602 am being careful.
0 602 1000 645 I did not love Peter the way a man should not love a
0 645 1000 688 boy. I want that said plainly because I am aware of
0 688 1000 731 how this kind of account can be misread, and because
0 731 1000 774 the Confessions themselves have been misread in this
0 774 1000 817 way, and Augustinus deserved better than that and so
0 817 1000 860 does Peter and so, with Your permission, do I. What
0 860 1000 903 I felt was something I do not have a clean word for.
0 903 1000 946 He was the closest I ever came to having a son. He
0 946 1000 989 was the closest I ever came to having a successor.
