1000 1000
0 0 1000 62 He was the closest I ever came to believing that
0 62 1000 124 what I know will not die with me.
0 124 1000 186 You understand why I am saying was.
0 186 1000 248 He stayed six years. He learned everything I could
0 248 1000 310 teach him and some things I did not know I knew
0 310 1000 372 until he asked the question that made me find out.
0 372 1000 434 His script by his twentieth year was better than
0 434 1000 496 mine had been at thirty, which I noted in my records
0 496 1000 558 and told [—]. I told him he was gifted. I did not
0 558 1000 620 tell him how gifted, because I was afraid of what
0 620 1000 682 that knowledge would do to him. I think now that was
0 682 1000 744 wrong. I think I was protecting something that was
0 744 1000 806 mine, not something that was his.
0 806 1000 868 In the fifth year he began asking about the press.
0 868 1000 930 Not with hostility. Not with the bright destructive
0 930 1000 992 enthusiasm of a young man looking for a thing to
