1000 1000
0 0 1000 76 tear down. With the same precise, almost courtly
0 76 1000 152 curiosity he brought to everything. He asked as a
0 152 1000 228 craftsman, which is what he was, and I answered him
0 228 1000 304 as a craftsman, which is what I am, and for several
0 304 1000 380 weeks we had conversations about the technical
0 380 1000 456 properties of the press that I found, God forgive
0 456 1000 532 me, genuinely interesting.
0 532 1000 608 I should have seen it then. Perhaps I did see it and
0 608 1000 684 decided not to know.
0 684 1000 760 He told me on a Thursday. I remember [—] the light.
0 760 1000 836 There is a particular light in the scriptorium in
0 836 1000 912 late [—] that I have always [—]. He asked if we
0 912 1000 988 could speak privately and I said yes and we walked
