1000 1000
0 0 1000 55 The folio is clean here, the ink unsmeared, the hand
0 55 1000 110 steady. Some things a man writes carefully because
0 110 1000 165 he intends them to last.
0 165 1000 220 He knelt in the garden, in the cold, on the stone
0 220 1000 275 path, and he asked me to bless his going. He was not
0 275 1000 330 being cruel. He was being — I have thought about the
0 330 1000 385 word for two years — he was being exact. He knew
0 385 1000 440 what our years together had been and he honored them
0 440 1000 495 in the only currency he had left to offer. He was
0 495 1000 550 asking me to make it holy because he knew I was the
0 550 1000 605 only one who could, for him, and because he could
0 605 1000 660 not leave it unholy and remain himself.
0 660 1000 715 I put my hands on his head.
0 715 1000 770 I said the words.
0 770 1000 825 He stood up. He embraced me once, quickly, the way
0 825 1000 880 young men embrace when they are afraid of what they
0 880 1000 935 feel. He left the garden.
0 935 1000 990 I remained on the path for a long time. I was
