1000 1000
0 0 1000 43 perhaps an hour. I left before they began a press
0 43 1000 86 run because I could see it coming and I was not
0 86 1000 129 ready.
0 129 1000 172 The third time — this time, the time I am writing
0 172 1000 215 about now, the time that made this folio necessary —
0 215 1000 258 I went because I had heard something I needed to
0 258 1000 301 disprove.
0 301 1000 344 I had heard from Brother Anselm, who had heard from
0 344 1000 387 the merchant Becker, who had apparently discussed it
0 387 1000 430 at some length over wine, that a Greek scholar was
0 430 1000 473 working with the Frankfurt printers. Not the Mainz
0 473 1000 516 workshop — a newer house, a man named Richter who
0 516 1000 559 had set up in Erfurt itself, two streets from the
0 559 1000 602 market, which is why I had been able to visit twice
0 602 1000 645 without half a day's travel. The Greek, Anselm said
0 645 1000 688 with the mild distaste he reserves for foreigners
0 688 1000 731 and unfamiliar cheeses, was advising on texts.
0 731 1000 774 Advising on texts.
0 774 1000 817 I knew who it was before Anselm finished the
0 817 1000 860 sentence. There is only one Greek scholar in Erfurt,
0 860 1000 903 and his name is Demetrios Chrysoloras, and I have
0 903 1000 946 spoken with him four times at the house of the canon
0 946 1000 989 Hartmann, where men of learning occasionally gather
