1000 1000
0 0 1000 43 to drink Hartmann's wine and disagree about Plato.
0 43 1000 86 Demetrios is — I want to be precise — Demetrios is
0 86 1000 129 the most intelligent man I have met who I have never
0 129 1000 172 been able to like cleanly. He escaped Constantinople
0 172 1000 215 four years ago carrying three manuscripts in a
0 215 1000 258 satchel and grief I cannot imagine and he arrived in
0 258 1000 301 the West and within a year he had learned sufficient
0 301 1000 344 German to argue in it, which is not a small
0 344 1000 387 achievement, and his Latin was already better than
0 387 1000 430 most men born to it. He believes the press will do
0 430 1000 473 for Greek learning what four centuries of careful
0 473 1000 516 transmission could not. He says this without
0 516 1000 559 triumph. He says it the way a physician describes a
0 559 1000 602 cure, with relief that the cure exists and only
0 602 1000 645 incidental attention to what the old treatment cost.
0 645 1000 688 I went to disprove that he was there.
0 688 1000 731 He was there.
0 731 1000 774 The workshop was louder than I remembered. A press
0 774 1000 817 run in progress — I learned later they were
0 817 1000 860 completing a run of two hundred copies of a canon
0 860 1000 903 law summary, a text so dry and procedural that I
0 903 1000 946 felt briefly comforted; surely this was all the
0 946 1000 989 machine was good for, legal summaries, texts that
