1000 1000
0 0 1000 43 times tomorrow, read:
0 43 1000 86 You made us toward you.
0 86 1000 129 And then the next sentence began.
0 129 1000 172 I stood there for long enough that Demetrios
0 172 1000 215 noticed.
0 215 1000 258 He came and stood beside me and read what I was
0 258 1000 301 reading and I watched him see it.
0 301 1000 344 He said: "It is a truncated edition. The canon
0 344 1000 387 summary takes precedence in the binding. The
0 387 1000 430 Augustine is supplementary. Richter chose a shorter
0 430 1000 473 excerpt."
0 473 1000 516 I said: "He cut the sentence."
0 516 1000 559 Demetrios said, carefully: "He cut the clause. The
0 559 1000 602 sentence continues."
0 602 1000 645 I said: "The sentence is the clause. The clause is
0 645 1000 688 everything. Inquietum est cor nostrum — the
0 688 1000 731 restlessness, the incompletion, the donec — the
0 731 1000 774 until — remove the until and you have a statement
0 774 1000 817 about direction. Keep it and you have a statement
0 817 1000 860 about what it means to be human."
0 860 1000 903 Demetrios was quiet for a moment. Then he said: "You
0 903 1000 946 are correct."
0 946 1000 989 I said: "Does Richter know?"
