1000 1000
0 0 1000 43 He said: "Richter knows it is a shorter excerpt."
0 43 1000 86 I said: "Does Richter know what he has cut?"
0 86 1000 129 Demetrios looked at me with the expression he uses
0 129 1000 172 when he finds a question more interesting than he
0 172 1000 215 expected to. He said: "I think Richter knows what he
0 215 1000 258 has included. Whether he has fully considered what
0 258 1000 301 he has not included — that is a different question."
0 301 1000 344 I said: "It is the only question."
0 344 1000 387 He poured wine then, from somewhere, the way men in
0 387 1000 430 workshops always seem to have wine somewhere, and we
0 430 1000 473 stood together at the window that looks onto the
0 473 1000 516 alley. He said something then that I have been
0 516 1000 559 turning over ever since — or I have made him say it,
0 559 1000 602 which is what memory does to the people we cannot
0 602 1000 645 stop arguing with, and I no longer know which parts
0 645 1000 688 are his and which parts I have added in the weeks of
0 688 1000 731 rehearsing it. I will write it as it stands in my
0 731 1000 774 memory and You can judge the seams.
0 774 1000 817 He said: "You understand that this will happen. Not
0 817 1000 860 the truncation — the truncation is a small error, it
0 860 1000 903 will be corrected in another edition, the text is
0 903 1000 946 not lost. I mean the other thing. The thing that
0 946 1000 989 troubles you that is not the truncation."
