1000 1000
0 0 1000 43 I asked him what thing he meant.
0 43 1000 86 He said: "The thing where no one will know. Where
0 86 1000 129 five hundred people read Augustine tomorrow and not
0 129 1000 172 one of them will know that a man spent six months
0 172 1000 215 with this text, that the man wept at a particular
0 215 1000 258 sentence, that the sentence changed the man, that
0 258 1000 301 the man's changed hand copied it with a different
0 301 1000 344 pressure than the lines before and after, that a
0 344 1000 387 reader in Bruges in 1280 noticed the pressure
0 387 1000 430 changing and slowed down because of it, and that
0 430 1000 473 slowing-down was its own kind of reading that is not
0 473 1000 516 possible tomorrow. You know that is ending. You have
0 516 1000 559 known since you first came here."
0 559 1000 602 He was not cruel when he said it. He was the way he
0 602 1000 645 always is, which is exact.
0 645 1000 688 I said: "You find that acceptable."
0 688 1000 731 He said: "I find it true. There is a library in
0 731 1000 774 Constantinople that is ash. I watched it. I watched
0 774 1000 817 it for two days. When it was finished I thought: the
0 817 1000 860 books that survived survived because there were too
0 860 1000 903 many copies to burn. Every copy that ever felt like
0 903 1000 946 a diminishment — every reader who winced at a
0 946 1000 989 scribe's error, every scholar who mourned the
