1000 1000
0 0 1000 43 He said: "Yes."
0 43 1000 86 I said: "So we exchange a thousand small ungoverned
0 86 1000 129 interventions for a series of large authoritative
0 129 1000 172 ones, each one invisible because it wears the text's
0 172 1000 215 own face."
0 215 1000 258 He was quiet for a moment. Then he said: "That is a
0 258 1000 301 fair description of the history of the Church."
0 301 1000 344 I had no answer.
0 344 1000 387 He refilled the wine and said something I did not
0 387 1000 430 expect.
0 430 1000 473 He said: "You know who else would agree with you
0 473 1000 516 entirely? The Islamic calligraphers. I had a
0 516 1000 559 colleague in Constantinople — a scholar from Cairo,
0 559 1000 602 a man named Ibrahim, who was there studying our
0 602 1000 645 manuscripts as we were studying his. He showed me
0 645 1000 688 once a page of his own hand — a passage of the Quran
0 688 1000 731 — and explained that in his tradition the
0 731 1000 774 calligrapher does not merely copy the Word, he
0 774 1000 817 participates in its transmission in a way that is
0 817 1000 860 itself sacred. That the letter formed by a trained
0 860 1000 903 and devoted hand carries something the letter
0 903 1000 946 stamped by a block of metal cannot. That the hand is
0 946 1000 989 part of the meaning." He paused. "The men who took
