1000 1000
0 0 1000 43 I went home. I could not eat. I came here, to this
0 43 1000 86 desk, to these pages, to You.
0 86 1000 129 Here is what I want to ask You and cannot ask anyone
0 129 1000 172 else:
0 172 1000 215 If a man tends a damaged text — if he mends what was
0 215 1000 258 broken in it, restores what was always trying to be
0 258 1000 301 said — and then a machine fixes the lesser version
0 301 1000 344 into permanence, which one of them has done the
0 344 1000 387 greater violence to the Word?
0 387 1000 430 I know the answer I am supposed to give.
0 430 1000 473 I know the answer I believe.
0 473 1000 516 They are not the same answer.
0 516 1000 559 They have not been the same answer for twenty-two
0 559 1000 602 years.
0 602 1000 645 I think it is time to tell you about the Eckhart
0 645 1000 688 commentary.
0 688 1000 731 In the winter of 1435 I was given a commission that
0 731 1000 774 I understood immediately to be the most important
0 774 1000 817 work of my life to that point.
0 817 1000 860 A canon in Cologne — I will not write his name, he
0 860 1000 903 is dead now but he has living sons — had acquired a
0 903 1000 946 manuscript of Meister Eckhart's German sermons and
0 946 1000 989 wanted a fair copy made before the original
