1000 1000
0 0 1000 58 birth of the Word in the soul — one of Eckhart's
0 58 1000 116 great recurring themes, the idea that what happened
0 116 1000 174 once in Bethlehem happens perpetually in the
0 174 1000 232 contemplative soul, that God's self-utterance is not
0 232 1000 290 a historical event sealed in the past but a living
0 290 1000 348 act that the soul participates in.
0 348 1000 406 The passage in the manuscript I was copying read: In
0 406 1000 464 sînem grunde: diu sêle ist daz wort.
0 464 1000 522 In its ground: the soul is the Word.
0 522 1000 580 I set down my pen.
0 580 1000 638 I sat for a long time.
0 638 1000 696 Is. Not receives. Not reflects. Not participates in.
0 696 1000 754 Not even becomes. Is. A flat declarative identity
0 754 1000 812 that made the condemned propositions look cautious
0 812 1000 870 by comparison. The soul, in its ground, simply is
0 870 1000 928 the divine Word. No distance. No mediation. No
0 928 1000 986 Church standing between the soul and its God,
