1000 1000
0 0 1000 58 because the soul is God's self-utterance and always
0 58 1000 116 has been.
0 116 1000 174 I understood why this manuscript had been in a damp
0 174 1000 232 place.
0 232 1000 290 Now I must tell you something about how a scribe
0 290 1000 348 reads a damaged text, because it is important and
0 348 1000 406 because what I did came from this, which is not an
0 406 1000 464 excuse but is the truth.
0 464 1000 522 When a manuscript is old and damaged, you do not
0 522 1000 580 simply copy what you can see. You reconstruct. You
0 580 1000 638 know the language, the author's habits of thought,
0 638 1000 696 the theological tradition he is working in, the
0 696 1000 754 grammatical structures he favors. When a word is
0 754 1000 812 partially obscured you do not write a blank — you
0 812 1000 870 consider what word could plausibly occupy that
0 870 1000 928 space, and you write the most probable reading, and
0 928 1000 986 you note the uncertainty if you are careful, and
