1000 1000
0 0 1000 58 sometimes you do not note it if you are not, or if
0 58 1000 116 you are young, or if you are trying to finish before
0 116 1000 174 the light fails.
0 174 1000 232 This is what every scribe does. This is what the
0 232 1000 290 craft requires.
0 290 1000 348 The word ist — is — was partially obscured. I want
0 348 1000 406 you to understand that before I tell you the rest.
0 406 1000 464 The vellum was cracked precisely at the verb, the
0 464 1000 522 ink lifting at the fold. What I could see clearly
0 522 1000 580 was the beginning and ending of the word. What I
0 580 1000 638 could not see clearly was the middle. Ist — is.
0 638 1000 696 Enpfêhet — receives. Wirt — becomes.
0 696 1000 754 Three words. The first two letters and the last
0 754 1000 812 letter of each were compatible with what the damage
0 812 1000 870 left visible. I am not inventing this. The ambiguity
0 870 1000 928 was real.
0 928 1000 986 I sat with the three words for a full day. I prayed,
