1000 1000
0 0 1000 58 which I tell you not to make myself seem holy but
0 58 1000 116 because it is true and because it didn't help, which
0 116 1000 174 is also true.
0 174 1000 232 Is — heretical, condemned, the reason this
0 232 1000 290 manuscript was hidden. Receives — orthodox, safe,
0 290 1000 348 consistent with approved theology, and in my
0 348 1000 406 judgment wrong — not wrong as in sinful but wrong as
0 406 1000 464 in inaccurate, wrong as in a flattening of what
0 464 1000 522 Eckhart was actually doing, the word a frightened
0 522 1000 580 copyist would choose, the word that would make the
0 580 1000 638 Church comfortable and make the sentence into
0 638 1000 696 something smaller than it was. Becomes — this was
0 696 1000 754 mine. I want to be clear. Becomes was not in the
0 754 1000 812 manuscript. Becomes was what I believed Eckhart
0 812 1000 870 meant: not the flat identity of is, which collapsed
0 870 1000 928 the distance entirely; not the passive receptivity
0 928 1000 986 of receives, which left the soul merely a vessel;
