1000 1000
0 0 1000 58 but becomes — a word that preserved the movement,
0 58 1000 116 the process, the living act of transformation that
0 116 1000 174 was Eckhart's actual subject. The soul in its ground
0 174 1000 232 becomes the Word. Not always is. Not merely
0 232 1000 290 receives. Becomes, in the contemplative act, in the
0 290 1000 348 moment of deepest union, in the event that Eckhart
0 348 1000 406 was trying to describe — the soul becomes what it
0 406 1000 464 contemplates.
0 464 1000 522 I wrote wirt.
0 522 1000 580 Becomes.
0 580 1000 638 I wrote it in a clean hand with no annotation, no
0 638 1000 696 sic, no marginal note indicating uncertainty. I
0 696 1000 754 wrote it as though it had always been there. I wrote
0 754 1000 812 it as though I had read it from the page.
0 812 1000 870 I was twenty-one years old and I was certain I was
0 870 1000 928 right and I was — I have spent twenty-two years with
0 928 1000 986 this — I was probably right and it makes no
