1000 1000
0 0 1000 58 cannot get past. I have read everything Eckhart
0 58 1000 116 wrote that I can find, and I believe becomes is what
0 116 1000 174 he meant, I believe the flat is was either his own
0 174 1000 232 overreach or a copyist's earlier error and that
0 232 1000 290 becomes restores what he intended, I believe a
0 290 1000 348 careful scholar who compared all the witnesses would
0 348 1000 406 eventually arrive where I arrived.
0 406 1000 464 I believe this. And I also know that it does not
0 464 1000 522 matter what I believe, because I do not have the
0 522 1000 580 authority to make that determination, because no one
0 580 1000 638 gave me that authority, because I took it, because I
0 638 1000 696 was alone at a desk with a cracked manuscript and a
0 696 1000 754 question and I answered the question with my own
0 754 1000 812 mind and sent the answer forward as someone else's
0 812 1000 870 words.
0 870 1000 928 This is what I have wanted to say to you for
0 928 1000 986 twenty-two years: It was an act of love. I loved the
