1000 1000
0 0 1000 58 text. I loved what Eckhart was trying to do. I loved
0 58 1000 116 it enough to protect it from the reading that would
0 116 1000 174 have gotten it burned and from the reading that
0 174 1000 232 would have made it safe and small. I chose the
0 232 1000 290 reading that kept it alive and true and I chose it
0 290 1000 348 with full attention and genuine humility about my
0 348 1000 406 own limitations and I would do it again.
0 406 1000 464 And it was a sin. Not because I was wrong. Because
0 464 1000 522 the text was not mine.
0 522 1000 580 Because between the human mind and the truth there
0 580 1000 638 must be — there must be — a gap, a distance, a
0 638 1000 696 declared uncertainty, an honest annotation that
0 696 1000 754 says: here the manuscript is damaged, here is my
0 754 1000 812 best reading, here is what I could not see. Without
0 812 1000 870 that gap there is no faithful keeping of the word,
0 870 1000 928 there is only replacement. I did not tend Eckhart's
0 928 1000 986 lineage. I replaced him with my version of him, and
