1000 1000
0 0 1000 58 argue over rather than for a young scribe to quietly
0 58 1000 116 resolve in his cell.
0 116 1000 174 My sin required the manuscript tradition. It
0 174 1000 232 required the long, slow, human chain of keepers
0 232 1000 290 where every link is a person with judgment and
0 290 1000 348 limitation and the ability to be wrong. The press
0 348 1000 406 would have taken that chain from me. It would have
0 406 1000 464 taken my capacity to sin.
0 464 1000 522 I do not know if that is salvation or diminishment.
0 522 1000 580 I do not know if those are different things.
0 580 1000 638 The Psalter is due in six weeks.
0 638 1000 696 I write that here because I have written everything
0 696 1000 754 else here and because it is the truest sentence I
0 754 1000 812 know how to produce this morning. Not true in the
0 812 1000 870 way the Eckhart confession is true — not the truth
0 870 1000 928 that costs something — but true in the way a
0 928 1000 986 Wednesday is true. It is simply the condition of the
