1000 1000
0 0 1000 58 Desiderat, which is the word for a hunger that is
0 58 1000 116 also a direction, a wanting that knows where the
0 116 1000 174 thing it wants is located but cannot get there,
0 174 1000 232 cannot get there, is always in the place of not-yet.
0 232 1000 290 Inquietum est cor nostrum donec requiescat in te.
0 290 1000 348 I set down the pen for a moment.
0 348 1000 406 Then I picked it up.
0 406 1000 464 This is what I have not told you yet, and what I
0 464 1000 522 think I need to tell you before this record ends,
0 522 1000 580 whenever it ends:
0 580 1000 638 The work is still the work.
0 638 1000 696 I say that without consolation and without argument.
0 696 1000 754 Not as a conclusion but as a daily fact. Whatever is
0 754 1000 812 happening — the press, Peter, Demetrios, the Eckhart
0 812 1000 870 word traveling through the world in my name — I
0 870 1000 928 still come to this desk and the Psalter is still
0 928 1000 986 here and my hand still knows what to do. The knowing
