1000 1000
0 0 1000 58 Nicholas, which seemed appropriate in ways I did not
0 58 1000 116 explain to him. He held it the way I hoped he would
0 116 1000 174 — not at arm's length, the way men hold objects they
0 174 1000 232 intend to display, but close, the way men hold
0 232 1000 290 objects they intend to use, the spine resting in his
0 290 1000 348 palm, the weight of it settling. He opened it to the
0 348 1000 406 middle without choosing, the way a book opens to the
0 406 1000 464 place it has already decided on, and he read for a
0 464 1000 522 moment in silence and then he looked up and said
0 522 1000 580 nothing, which was the right response.
0 580 1000 638 His son was there. Eight years old, small, watching
0 638 1000 696 his father's face to know what to feel.
0 696 1000 754 I thought about Peter.
0 754 1000 812 I accepted Becker's payment and walked home through
0 812 1000 870 the market and the air was very cold and I could see
0 870 1000 928 my breath and I thought: I have made a thing that
0 928 1000 986 will outlast me. I have thought this before, after
