1000 1000
0 0 1000 58 theologically superior to the alternatives and
0 58 1000 116 intended to argue for its acceptance in the study he
0 116 1000 174 was preparing, and that if I had any documentation
0 174 1000 232 of my reasoning in selecting it he would be grateful
0 232 1000 290 to receive it.
0 290 1000 348 I held the leaf for a long time.
0 348 1000 406 The type was clean. The impression even. The word
0 406 1000 464 sat in the middle of Eckhart's sentence exactly
0 464 1000 522 where I had put it twenty-two years ago, wearing
0 522 1000 580 Eckhart's voice, surrounded by Eckhart's words,
0 580 1000 638 indistinguishable from the rest — as I had intended,
0 638 1000 696 as I had feared, as I had carried like a stone in my
0 696 1000 754 chest through two decades of Psalters and Gospels
0 754 1000 812 and one secret manuscript that I had been intending
0 812 1000 870 to burn since September and had not burned.
0 870 1000 928 Wirt.
0 928 1000 986 It looked, in type, exactly as it had looked in my
