1000 1000
0 0 1000 58 My eyes are worse. I know this in the way you know
0 58 1000 116 things you have been not-knowing for a while —
0 116 1000 174 suddenly and completely, with the sense that you
0 174 1000 232 have been the last to arrive at a truth that was
0 232 1000 290 waiting patiently. The morning hours are still
0 290 1000 348 workable. The afternoon is difficult. The evening is
0 348 1000 406 what it is.
0 406 1000 464 I have before me two things.
0 464 1000 522 The first is a new commission — a Book of Hours for
0 522 1000 580 a widow in Gotha, a woman I have never met, whose
0 580 1000 638 agent came last week with a deposit and a
0 638 1000 696 description of what she wanted: small, portable, the
0 696 1000 754 calendar written in red and black, the major feasts
0 754 1000 812 illuminated, her family's names recorded in the
0 812 1000 870 opening pages. A plain commission. Good work. The
0 870 1000 928 kind of work I have done a hundred times.
0 928 1000 986 The second is this manuscript.
