1000 1000
0 0 1000 58 will remain when I leave it, and whoever comes after
0 58 1000 116 me will find it or not find it and read it or not
0 116 1000 174 read it and that is as much as I can do, that is the
0 174 1000 232 full extent of my transmission, which is also the
0 232 1000 290 full extent of any transmission, which is perhaps
0 290 1000 348 what I have been trying to understand this whole
0 348 1000 406 time.
0 406 1000 464 The press will print what the press prints.
0 464 1000 522 The scribes will copy what the scribes copy.
0 522 1000 580 And a man alone at a desk in the early hours will
0 580 1000 638 write what he needs to write, and hide it between
0 638 1000 696 two books, and go to Vespers, and come back the next
0 696 1000 754 morning, and pick up the pen.
0 754 1000 812 I want to write one more thing.
0 812 1000 870 I went to the workshop again this week. I did not
0 870 1000 928 tell Brother Anselm I was going anywhere. I simply
0 928 1000 986 went.
