1000 1000
0 0 1000 58 My word in Eckhart's sentence, Eckhart's sentence in
0 58 1000 116 the press's type, the press's type on the page in my
0 116 1000 174 hand, the page in my hand that had been copied from
0 174 1000 232 a manuscript copied from my copy of a damaged
0 232 1000 290 original, the chain of transmission running back
0 290 1000 348 through twenty-two years of my private guilt to a
0 348 1000 406 winter morning in 1435 when a young man sat alone
0 406 1000 464 with a cracked vellum and a question and answered
0 464 1000 522 it, rightly or wrongly, with the full force of what
0 522 1000 580 he understood.
0 580 1000 638 I held the page.
0 638 1000 696 Then I handed it back to Hans, who added it to the
0 696 1000 754 stack without looking up.
0 754 1000 812 I walked home through the cold.
0 812 1000 870 I came here.
0 870 1000 928 I picked up the pen.
0 928 1000 986 As the deer longs for the water-brooks.
