1000 1000
0 0 1000 31 I am glad it was my hand.
0 31 1000 62 Not proud. I want that distinction to be clear, though I am
0 62 1000 93 aware it may not survive scrutiny. The gladness is not in
0 93 1000 124 the having done it. It is in the having been — for one
0 124 1000 155 morning, in one cold room, with one cracked manuscript — the
0 155 1000 186 place where the current needed to go. A pebble does not
0 186 1000 217 boast of the water that moved through it. But a pebble
0 217 1000 248 might, in its silence, know what it carried. And that
0 248 1000 279 knowing is what I am trying to write toward.
0 279 1000 310 Everything else — the press, the student I lost, the eyes
0 310 1000 341 that are failing — is the river explaining itself to me now.
0 341 1000 372 I am trying to understand what I was used for before the
0 372 1000 403 water moves on entirely and I am left dry on the bank, which
0 403 1000 434 is coming, which is perhaps already here.
0 434 1000 465 I have been writing to You my whole life. I have never
0 465 1000 496 written this.
0 496 1000 527 I will begin with die neue Kunst — the press, as it is
0 527 1000 558 beginning to be called. Not because it is where the story
0 558 1000 589 ends, but because it is what shook the story loose. And
0 589 1000 620 because approaching the harder thing directly is not yet
0 620 1000 651 possible. I am a scribe. I approach from the margin and work
0 651 1000 682 inward.
0 682 1000 713 There is a machine now in Mainz — a machine that can produce
0 713 1000 744 in one day what I produce in four months. It sets letters in
0 744 1000 775 metal and stamps them onto the page with a force I felt in
0 775 1000 806 my feet when I stood next to it. I have stood next to it. I
0 806 1000 837 will tell you about that later. I will tell you why I told
0 837 1000 868 Brother Anselm I was going to the apothecary.
0 868 1000 899 The men who operate it are devout. Several of them, I think,
0 899 1000 930 more devout than I am. This is the problem.
0 930 1000 961 The pages were consistent. Letter after letter, identical,
0 961 1000 992 the same pressure, the same depth. A thing I have never
