1000 1000
0 0 1000 33 achieved and never will achieve, not in forty more years of
0 33 1000 66 work. You can say this is because God made human hands to
0 66 1000 99 tremble, to err, to be particular — and that is what I tell
0 99 1000 132 myself walking home — but I stood there and I thought:
0 132 1000 165 whoever reads one of those pages will never know that a man
0 165 1000 198 made it. They will read only what it says.
0 198 1000 231 I have spent my life leaving myself in the pages. Not
0 231 1000 264 obviously. Not with vanity. I mean something smaller: the
0 264 1000 297 slight thickening of a stroke when my attention deepened,
0 297 1000 330 the places where I slowed because the meaning arrived in my
0 330 1000 363 hands before it arrived in my mind. Readers did not see it.
0 363 1000 396 But it was there. The page knew.
0 396 1000 429 Those pages did not know anything. They were perfect and
0 429 1000 462 they did not know anything.
0 462 1000 495 I need certain sentences to exist.
0 495 1000 528 When I am finished, if I am ever finished, I will probably
0 528 1000 561 burn this.
0 561 1000 594 I say that, and You are already laughing, because You know
0 594 1000 627 whether I burn it or not, and I don't, and that asymmetry is
0 627 1000 660 either the foundation of faith or the definition of
0 660 1000 693 absurdity and on certain mornings I cannot tell which.
0 693 1000 726 It is early. The bell for Lauds has not yet rung. In two
0 726 1000 759 hours I will sit at my desk and continue the Psalter I am
0 759 1000 792 copying for a merchant in Frankfurt who does not know yet
0 792 1000 825 that he could have it printed for a third of the price. I
0 825 1000 858 will tell him eventually. I keep not telling him.
0 858 1000 891 I think I am not ready to tell him because once I do, I will
0 891 1000 924 have to explain why he should still want mine.
0 924 1000 957 I don't have that explanation yet.
0 957 1000 990 That is also what this is for.
