1000 1000
0 0 1000 45 Peter came to me first in the autumn of his fourteenth year.
0 45 1000 90 This part I can write without difficulty because I have
0 90 1000 135 written it many times in my head, the way you return to a
0 135 1000 180 place you love before it is taken from you, memorizing.
0 180 1000 225 He was small for his age, dark-haired, and he held himself
0 225 1000 270 with a stillness that I recognized because I had felt it in
0 270 1000 315 myself at that age — the stillness of a person whose soul
0 315 1000 360 was moving very fast within him and who had learned to keep
0 360 1000 405 it hidden. His father was a cloth merchant. The father
0 405 1000 450 wanted him to have letters for the purpose of contracts and
0 450 1000 495 correspondence. The father was a practical man.
0 495 1000 540 Within three weeks I knew that Peter was not going to be [—]
0 540 1000 585 the cloth trade. Within three months I knew he was the
0 585 1000 630 finest student I had ever taught. By spring I had stopped
0 630 1000 675 thinking of myself as his teacher in any meaningful sense
0 675 1000 720 and begun thinking of myself as the person who was currently
0 720 1000 765 standing between him and what he was going to become.
0 765 1000 810 I want to be careful here. I want You to see that I am being
0 810 1000 855 careful.
0 855 1000 900 I did not love Peter the way a man should not love a boy. I
0 900 1000 945 want that said plainly because I am aware of how this kind
0 945 1000 990 of account can be misread, and because the Confessions
