1000 1000
0 0 1000 40 hostility. Not with the bright destructive enthusiasm of a
0 40 1000 80 young man looking for a thing to tear down. With the same
0 80 1000 120 precise, almost courtly curiosity he brought to everything.
0 120 1000 160 He asked as a craftsman, which is what he was, and I
0 160 1000 200 answered him as a craftsman, which is what I am, and for
0 200 1000 240 several weeks we had conversations about the technical
0 240 1000 280 properties of the press that I found, God forgive me,
0 280 1000 320 genuinely interesting.
0 320 1000 360 I should have seen it then. Perhaps I did see it and decided
0 360 1000 400 not to know.
0 400 1000 440 He told me on a Thursday. I remember [—] the light. There is
0 440 1000 480 a particular light in the scriptorium in late [—] that I
0 480 1000 520 have always [—]. He asked if we could speak privately and I
0 520 1000 560 said yes and we walked to the garden and he told me that
0 560 1000 600 Fust's man had come through Erfurt and that he had spoken
0 600 1000 640 with him for two hours and that he had been offered a
0 640 1000 680 position in the Frankfurt workshop and that he had decided
0 680 1000 720 to accept it.
0 720 1000 760 He said: I have decided. Not I am thinking of or I wonder if
0 760 1000 800 you would counsel me. He had decided. He was telling me, not
0 800 1000 840 asking me. He was twenty years old and he had decided and he
0 840 1000 880 was correct to have decided and I knew it while he was
0 880 1000 920 speaking and the knowing and the losing arrived at the same
0 920 1000 960 moment, which I was not prepared for, which I am still not
0 960 1000 1000 prepared for, which is why this folio looks the way it does.
