1000 1000
0 0 1000 40 I said [—]. He said [—]. I said that I was [—] proud [—].
0 40 1000 80 He asked me then for my blessing.
0 80 1000 120 This part is not damaged. I want you to notice that. The
0 120 1000 160 folio is clean here, the ink unsmeared, the hand steady.
0 160 1000 200 Some things a man writes carefully because he intends them
0 200 1000 240 to last.
0 240 1000 280 He knelt in the garden, in the cold, on the stone path, and
0 280 1000 320 he asked me to bless his going. He was not being cruel. He
0 320 1000 360 was being — I have thought about the word for two years — he
0 360 1000 400 was being exact. He knew what our years together had been
0 400 1000 440 and he honored them in the only currency he had left to
0 440 1000 480 offer. He was asking me to make it holy because he knew I
0 480 1000 520 was the only one who could, for him, and because he could
0 520 1000 560 not leave it unholy and remain himself.
0 560 1000 600 I put my hands on his head.
0 600 1000 640 I said the words.
0 640 1000 680 He stood up. He embraced me once, quickly, the way young men
0 680 1000 720 embrace when they are afraid of what they feel. He left the
0 720 1000 760 garden.
0 760 1000 800 I remained on the path for a long time. I was thinking about
0 800 1000 840 a question I had never asked him and now never would:
0 840 1000 880 whether, in all those years of learning the craft from me,
0 880 1000 920 he had ever felt what I felt — the going-quiet, the
0 920 1000 960 particular silence that comes when the hand and the word and
0 960 1000 1000 the meaning arrive together in the same moment, when you are
