1000 1000
0 0 1000 31 Demetrios Chrysoloras, and I have spoken with him four times
0 31 1000 62 at the house of the canon Hartmann, where men of learning
0 62 1000 93 occasionally gather to drink Hartmann's wine and disagree
0 93 1000 124 about Plato. Demetrios is — I want to be precise — Demetrios
0 124 1000 155 is the most intelligent man I have met who I have never been
0 155 1000 186 able to like cleanly. He escaped Constantinople four years
0 186 1000 217 ago carrying three manuscripts in a satchel and grief I
0 217 1000 248 cannot imagine and he arrived in the West and within a year
0 248 1000 279 he had learned sufficient German to argue in it, which is
0 279 1000 310 not a small achievement, and his Latin was already better
0 310 1000 341 than most men born to it. He believes the press will do for
0 341 1000 372 Greek learning what four centuries of careful transmission
0 372 1000 403 could not. He says this without triumph. He says it the way
0 403 1000 434 a physician describes a cure, with relief that the cure
0 434 1000 465 exists and only incidental attention to what the old
0 465 1000 496 treatment cost.
0 496 1000 527 I went to disprove that he was there.
0 527 1000 558 He was there.
0 558 1000 589 The workshop was louder than I remembered. A press run in
0 589 1000 620 progress — I learned later they were completing a run of two
0 620 1000 651 hundred copies of a canon law summary, a text so dry and
0 651 1000 682 procedural that I felt briefly comforted; surely this was
0 682 1000 713 all the machine was good for, legal summaries, texts that
0 713 1000 744 deserved their anonymity, texts that no scribe had ever
0 744 1000 775 loved — and the sound was rhythmic and heavy, the arm of the
0 775 1000 806 press descending and the platen striking and the whole
0 806 1000 837 building absorbing the impact like a struck bell that does
0 837 1000 868 not ring but only thickens.
0 868 1000 899 Wilhelm saw me and nodded without surprise. I had,
0 899 1000 930 apparently, become a regular.
0 930 1000 961 Demetrios was standing at a compositor's frame near the back
0 961 1000 992 wall, next to a young compositor whose name I later learned
