1000 1000
0 0 1000 31 continues."
0 31 1000 62 I said: "The sentence is the clause. The clause is
0 62 1000 93 everything. Inquietum est cor nostrum — the restlessness,
0 93 1000 124 the incompletion, the donec — the until — remove the until
0 124 1000 155 and you have a statement about direction. Keep it and you
0 155 1000 186 have a statement about what it means to be human."
0 186 1000 217 Demetrios was quiet for a moment. Then he said: "You are
0 217 1000 248 correct."
0 248 1000 279 I said: "Does Richter know?"
0 279 1000 310 He said: "Richter knows it is a shorter excerpt."
0 310 1000 341 I said: "Does Richter know what he has cut?"
0 341 1000 372 Demetrios looked at me with the expression he uses when he
0 372 1000 403 finds a question more interesting than he expected to. He
0 403 1000 434 said: "I think Richter knows what he has included. Whether
0 434 1000 465 he has fully considered what he has not included — that is a
0 465 1000 496 different question."
0 496 1000 527 I said: "It is the only question."
0 527 1000 558 He poured wine then, from somewhere, the way men in
0 558 1000 589 workshops always seem to have wine somewhere, and we stood
0 589 1000 620 together at the window that looks onto the alley. He said
0 620 1000 651 something then that I have been turning over ever since — or
0 651 1000 682 I have made him say it, which is what memory does to the
0 682 1000 713 people we cannot stop arguing with, and I no longer know
0 713 1000 744 which parts are his and which parts I have added in the
0 744 1000 775 weeks of rehearsing it. I will write it as it stands in my
0 775 1000 806 memory and You can judge the seams.
0 806 1000 837 He said: "You understand that this will happen. Not the
0 837 1000 868 truncation — the truncation is a small error, it will be
0 868 1000 899 corrected in another edition, the text is not lost. I mean
0 899 1000 930 the other thing. The thing that troubles you that is not the
0 930 1000 961 truncation."
0 961 1000 992 I asked him what thing he meant.
