1000 1000
0 0 1000 31 argue about the edition, not about what some monk in Erfurt
0 31 1000 62 decided on a Tuesday."
0 62 1000 93 I said: "And if the authoritative edition is wrong?"
0 93 1000 124 He said: "Then it is wrong in a way that can be identified
0 124 1000 155 and corrected in a subsequent edition."
0 155 1000 186 I said: "And the subsequent edition will also be
0 186 1000 217 authoritative. And subsequent readers will read it as the
0 217 1000 248 text and not as an intervention."
0 248 1000 279 He said: "Yes."
0 279 1000 310 I said: "So we exchange a thousand small ungoverned
0 310 1000 341 interventions for a series of large authoritative ones, each
0 341 1000 372 one invisible because it wears the text's own face."
0 372 1000 403 He was quiet for a moment. Then he said: "That is a fair
0 403 1000 434 description of the history of the Church."
0 434 1000 465 I had no answer.
0 465 1000 496 He refilled the wine and said something I did not expect.
0 496 1000 527 He said: "You know who else would agree with you entirely?
0 527 1000 558 The Islamic calligraphers. I had a colleague in
0 558 1000 589 Constantinople — a scholar from Cairo, a man named Ibrahim,
0 589 1000 620 who was there studying our manuscripts as we were studying
0 620 1000 651 his. He showed me once a page of his own hand — a passage of
0 651 1000 682 the Quran — and explained that in his tradition the
0 682 1000 713 calligrapher does not merely copy the Word, he participates
0 713 1000 744 in its transmission in a way that is itself sacred. That the
0 744 1000 775 letter formed by a trained and devoted hand carries
0 775 1000 806 something the letter stamped by a block of metal cannot.
0 806 1000 837 That the hand is part of the meaning." He paused. "The men
0 837 1000 868 who took my city will not print the Quran on a press. Not
0 868 1000 899 for decades, perhaps not in our lifetime. For the same
0 899 1000 930 reasons you give me. The sacred text requires the sacred
0 930 1000 961 hand. In this one thing, Brother Konrad, you and the
0 961 1000 992 scholars of Islam are in complete agreement."
