1000 1000
0 0 1000 31 The Psalter is finished.
0 31 1000 62 I delivered it to Becker on the feast of Saint Nicholas,
0 62 1000 93 which seemed appropriate in ways I did not explain to him.
0 93 1000 124 He held it the way I hoped he would — not at arm's length,
0 124 1000 155 the way men hold objects they intend to display, but close,
0 155 1000 186 the way men hold objects they intend to use, the spine
0 186 1000 217 resting in his palm, the weight of it settling. He opened it
0 217 1000 248 to the middle without choosing, the way a book opens to the
0 248 1000 279 place it has already decided on, and he read for a moment in
0 279 1000 310 silence and then he looked up and said nothing, which was
0 310 1000 341 the right response.
0 341 1000 372 His son was there. Eight years old, small, watching his
0 372 1000 403 father's face to know what to feel.
0 403 1000 434 I thought about Peter.
0 434 1000 465 I accepted Becker's payment and walked home through the
0 465 1000 496 market and the air was very cold and I could see my breath
0 496 1000 527 and I thought: I have made a thing that will outlast me. I
0 527 1000 558 have thought this before, after other commissions, but this
0 558 1000 589 time the thought had a different weight to it. Not heavier.
0 589 1000 620 More specific. This particular thing will outlast this
0 620 1000 651 particular me. As though I had finally understood that the
0 651 1000 682 statement had always been personal and I had been hearing it
0 682 1000 713 wrong.
0 713 1000 744 The letter from Strasbourg arrived eleven days later.
0 744 1000 775 It was from a canon at the Augustinian house there — a man
0 775 1000 806 named Father Ulrich, whom I do not know, who had encountered
0 806 1000 837 my name through a chain of correspondence I cannot fully
0 837 1000 868 reconstruct. He was writing about Eckhart. He had been
0 868 1000 899 compiling a study of the sermon tradition and had noticed a
0 899 1000 930 variant reading in the twelfth sermon that appeared in
0 930 1000 961 several manuscripts descending from a common source, and had
0 961 1000 992 traced that source, with some difficulty, to a copy made in
