1000 1000
0 0 1000 31 what I believed it was, which is what I still believe, which
0 31 1000 62 does not resolve anything.
0 62 1000 93 I wrote back to Father Ulrich.
0 93 1000 124 I told him that the reading was a reconstruction from a
0 124 1000 155 damaged source, that the manuscript had been genuinely
0 155 1000 186 ambiguous at that point, and that I had selected wirt as the
0 186 1000 217 reading most consistent with Eckhart's theological project
0 217 1000 248 as evidenced across the full sermon corpus. I told him that
0 248 1000 279 the selection was mine, not Eckhart's, and that I had not
0 279 1000 310 annotated it as such, and that I understood this to have
0 310 1000 341 been an error in method regardless of whether it was an
0 341 1000 372 error in judgment.
0 372 1000 403 I told him I was glad the reading had survived. I told him I
0 403 1000 434 was glad it was now in print, where it could be examined,
0 434 1000 465 contested, argued over by men with more authority than I had
0 465 1000 496 ever possessed.
0 496 1000 527 I told him I was not glad in a simple way. I told him that
0 527 1000 558 because it seemed important to be precise.
0 558 1000 589 He has not yet written back. Perhaps he will not. I find I
0 589 1000 620 do not mind either outcome, which itself feels like a kind
0 620 1000 651 of resolution, or at least the nearest thing to it I am
0 651 1000 682 likely to reach in whatever time remains.
0 682 1000 713 It is evening now. The light is almost gone — the particular
0 713 1000 744 winter light of this city which I have been watching fall
0 744 1000 775 across this desk for twenty years, which I have described to
0 775 1000 806 no one because there was never a reason to, which I am
0 806 1000 837 describing now because there is still no reason and I find I
0 837 1000 868 want to anyway.
0 868 1000 899 My eyes are worse. I know this in the way you know things
0 899 1000 930 you have been not-knowing for a while — suddenly and
0 930 1000 961 completely, with the sense that you have been the last to
0 961 1000 992 arrive at a truth that was waiting patiently. The morning
