1000 1000
0 0 1000 31 hours are still workable. The afternoon is difficult. The
0 31 1000 62 evening is what it is.
0 62 1000 93 I have before me two things.
0 93 1000 124 The first is a new commission — a Book of Hours for a widow
0 124 1000 155 in Gotha, a woman I have never met, whose agent came last
0 155 1000 186 week with a deposit and a description of what she wanted:
0 186 1000 217 small, portable, the calendar written in red and black, the
0 217 1000 248 major feasts illuminated, her family's names recorded in the
0 248 1000 279 opening pages. A plain commission. Good work. The kind of
0 279 1000 310 work I have done a hundred times.
0 310 1000 341 The second is this manuscript.
0 341 1000 372 I have been intending to burn it since September.
0 372 1000 403 I want to be honest about why I have not: I have not because
0 403 1000 434 I could not, and I could not because — I am going to write
0 434 1000 465 this simply — it is good. Not holy. Not important in the way
0 465 1000 496 the things I have spent my life copying are important. But
0 496 1000 527 good in the way that a thing is good when it is the truest
0 527 1000 558 version of itself, when the man who made it was fully
0 558 1000 589 present in the making, when nothing was held back or
0 589 1000 620 performed or shaped for an audience that wasn't there.
0 620 1000 651 I made this for You. And I find, reading it back, that I
0 651 1000 682 also made it for whoever finds it, which means I made it for
0 682 1000 713 someone, which means it was never entirely private, which
0 713 1000 744 means the pride I feared was there from the beginning and I
0 744 1000 775 knew it and wrote anyway, and I think — I have been thinking
0 775 1000 806 about this for several weeks now and this is where I have
0 806 1000 837 arrived — I think that is not the sin I believed it was.
0 837 1000 868 Augustinus wrote for God and wrote for everyone and did not
0 868 1000 899 experience these as different. I used to think that was
0 899 1000 930 possible only for Augustinus. I think now it is possible for
0 930 1000 961 anyone who is willing to be honest enough, which is most
0 961 1000 992 people's actual difficulty, which was my difficulty, which
